2387 3250
1162 207 1225 250 xu

324 360 548 401 possumus,
575 353 733 401 poetam
757 347 935 399 singulos
954 348 1060 401 ipsos
1089 347 1194 389 vitae
1223 360 1337 388 casus
1365 346 1529 387 deorum
1556 346 1746 388 voluntati
1767 345 1955 386 obnoxios
1974 357 2062 386 esse

323 413 539 465 putavisse.
597 413 709 458 Quae
739 413 871 452 omnia
899 413 1112 452 admodum
1139 412 1343 465 probanda
1370 416 1411 452 et
1438 412 1637 452 laudanda
1664 415 1765 451 sunt.

437 478 592 530 Restat,
620 482 666 519 ut
693 478 744 519 de
775 478 1030 532 epistolarum
1059 490 1215 530 quoque
1243 477 1372 518 ethica
1397 478 1437 518 vi
1464 491 1511 518 ac
1539 482 1680 519 natura
1707 490 1836 531 pauca
1859 475 2061 530 disputen-

323 549 402 585 tur.
460 544 559 585 Illae
588 557 712 597 quum
740 544 790 584 ad
820 544 996 596 singulas
1026 542 1264 596 easdemque
1293 548 1419 584 certas
1448 557 1635 597 personas
1670 543 1813 583 missae
1832 542 1941 593 sint,
1979 555 2061 582 cer-

329 615 414 650 tum
445 610 565 650 etiam
594 614 736 663 poetae
766 610 970 650 consilium
998 609 1178 660 singulae
1206 608 1447 648 indicabunt.
1502 609 1722 661 Praecepta
1749 621 1854 659 vero,
1883 621 1984 660 quae
2012 607 2063 646 ad

329 675 452 714 vitam
481 675 582 714 bene
611 673 894 714 instituendam
924 673 1061 713 amicis
1090 672 1253 723 dantur,
1293 673 1508 712 maximam
1542 677 1696 726 partem
1724 677 1805 713 tam
1840 672 1890 712 ad
1927 685 2062 712 omnes

325 744 519 793 spectant,
549 744 594 779 ut
622 740 796 792 profecto
824 739 922 778 haec
951 739 1068 778 illave
1094 738 1262 790 epistola
1281 738 1332 777 ad
1351 742 1478 777 totum
1498 738 1697 790 quoddam
1716 738 1917 778 hominum
1937 750 2063 790 genus

328 805 411 844 sive
449 804 627 844 ordinem
664 804 785 843 missa
821 816 909 843 esse
945 803 1137 853 videatur,
1176 803 1290 855 cujus
1327 802 1395 842 ille
1432 807 1538 854 erat,
1576 803 1627 843 ad
1665 816 1783 856 quem
1817 803 1963 856 scripta
1990 806 2061 842 est.

329 869 520 914 Quamvis
549 882 642 908 vero
665 869 751 920 jam
780 881 925 921 operae
954 868 1125 920 pretium
1153 867 1216 918 sit,
1245 866 1403 919 singula
1430 867 1578 918 videre,
1607 872 1652 907 ut
1680 868 1935 920 intelligatur,
1968 881 2062 921 qua-

326 939 445 975 tenus
474 935 640 975 honesta
667 934 746 974 sint
768 947 905 985 necne,
935 938 1068 974 tamen
1093 932 1230 985 paucis
1258 932 1463 973 absolvere
1492 937 1574 973 tam
1594 933 1720 974 multa
1737 934 2065 987 contemplatione

328 999 451 1052 digna
479 1000 591 1052 quasi
620 999 809 1052 cogimur,
840 1012 976 1051 quum.
990 998 1080 1037 huic
1110 998 1298 1050 opusculo
1328 997 1560 1037 constitutos
1589 998 1687 1037 fines
1711 999 1798 1050 jam
1816 999 1973 1051 longius
1993 1012 2061 1038 ex-

328 1065 492 1104 cessisse
530 1065 641 1104 nobis
670 1064 882 1104 videamur.
955 1062 1180 1103 Satisfaciat
1214 1062 1336 1114 igitur
1365 1062 1525 1114 dixisse,
1564 1068 1725 1115 poetam
1753 1064 1940 1116 epistolas
1969 1064 2063 1104 scri·

325 1129 485 1169 bentem
514 1142 561 1168 eo
590 1128 685 1168 vitia
713 1141 808 1168 suae
837 1128 978 1168 aetatis
1007 1126 1219 1167 emendare
1257 1139 1374 1179 posse
1416 1126 1490 1166 sibi
1528 1127 1657 1166 visum
1695 1140 1795 1179 esse,
1835 1132 1880 1167 ut
1916 1128 2062 1168 amicos

325 1194 430 1232 cives
459 1194 746 1242 adhortaretur,
775 1193 1047 1244 philosophiae
1077 1191 1207 1231 studio
1236 1196 1281 1230 ut
1308 1192 1594 1242 incumberent,
1634 1206 1711 1244 quo
1738 1194 1911 1232 maxime
1941 1207 2063 1245 quum

325 1259 508 1298 libidines
528 1262 814 1308 coercerentur,
842 1271 971 1296 mores
1000 1256 1315 1307 emendarentur,
1345 1260 1430 1296 tum
1458 1257 1578 1296 animi
1606 1257 1868 1310 tranquillitas
1889 1262 1929 1297 et
1947 1267 2062 1310 para-

321 1328 431 1363 retur
465 1328 505 1363 et
543 1327 852 1363 conservaretur.
920 1322 1010 1362 Non
1046 1323 1152 1361 enim
1189 1323 1379 1362 interesse
1419 1326 1545 1374 putat,
1585 1323 1652 1362 ubi
1692 1323 1858 1376 quisque
1896 1322 2059 1374 habitet,

321 1387 541 1441 quibusque
571 1388 685 1426 laetis
715 1391 756 1426 et
783 1387 967 1425 secundis
997 1387 1298 1437 conditionibus,
1329 1386 1403 1425 sed
1431 1400 1481 1432 ne
1510 1400 1681 1439 aequum
1710 1387 1885 1426 animum
1906 1387 2060 1440 perdat,

319 1466 439 1506 quem
467 1452 615 1507 ubique
643 1452 759 1493 facile
788 1465 946 1493 servare
975 1452 1120 1506 possit;
1149 1452 1438 1505 possessionem
1458 1451 1583 1493 solam
1601 1451 1763 1493 beatum
1782 1466 1861 1493 non
1880 1452 2059 1505 reddere,

319 1517 391 1557 sed
420 1531 570 1570 earum,
601 1531 703 1572 quae
732 1517 1019 1572 possideantur,
1061 1529 1195 1557 rerum
1227 1517 1382 1569 justum
1419 1530 1465 1557 ac
1502 1517 1739 1571 prudentem
1773 1531 1902 1570 usum,
1942 1531 2060 1572 quem

318 1583 537 1635 sapientiae
561 1583 691 1624 studio
709 1584 855 1634 doceri,
885 1596 986 1635 quae
1006 1582 1257 1635 persuadeat,
1286 1583 1361 1622 sibi
1386 1596 1450 1623 res
1474 1587 1658 1623 externas
1687 1585 1844 1624 omnino
1873 1588 1963 1636 post
1989 1583 2058 1623 ha-

319 1647 470 1688 bendas
499 1648 691 1701 parvique
721 1645 988 1693 aestimandas
1017 1660 1116 1688 esse.

430 1714 494 1752 Ex
524 1714 701 1765 epistolis
730 1714 921 1753 Horatius
949 1715 1012 1752 vel
1041 1714 1214 1752 maxime
1243 1714 1503 1766 cognoscitur,
1534 1715 1601 1765 qui
1629 1714 1843 1752 amicitiam
1873 1716 1976 1753 colat
2003 1720 2061 1753 at-

320 1792 398 1832 que
428 1778 579 1831 diligat.
638 1777 738 1818 Inde
767 1778 953 1831 frequens
982 1779 1049 1818 illa
1078 1779 1273 1818 amicitiae
1303 1779 1401 1829 laus,
1439 1792 1517 1831 qua
1545 1778 1666 1818 etiam
1694 1778 1870 1818 carmina
1907 1779 1993 1832 ejus
2022 1784 2063 1820 et

318 1844 463 1884 satirae
503 1844 719 1895 abundant,
762 1844 853 1883 inde
891 1844 1066 1884 studium
1103 1844 1200 1883 illud
1238 1844 1481 1884 Maecenatis
1520 1848 1560 1884 et
1587 1843 1775 1897 Augusti,
1814 1844 1880 1897 qui
1919 1844 2061 1897 dignos

319 1915 474 1950 tantum
504 1911 608 1950 viros
639 1911 835 1950 amicitiae
864 1911 1018 1950 vinculo
1048 1911 1122 1950 sibi
1139 1911 1370 1963 adjungant,
1394 1916 1434 1950 et
1452 1911 1605 1950 occulta
1624 1911 1736 1963 quasi
1759 1911 1956 1963 superbia,
1985 1926 2063 1963 qua

314 1976 423 2016 inter
452 1988 520 2016 eos
550 1989 593 2015 se
623 1988 710 2015 esse
740 1975 899 2029 gaudet.
947 1974 1175 2016 Amicitiam
1205 1990 1283 2017 non
1311 1976 1385 2016 nisi
1414 1976 1517 2016 inter
1544 1989 1661 2030 pares
1689 1989 1777 2017 esse
1795 1989 1923 2030 posse,
1943 1977 2060 2030 plane

320 2042 552 2095 profitetur,
581 2042 679 2082 vitia
698 2047 833 2082 autem
859 2042 1125 2095 imprudentia
1151 2042 1258 2083 facta
1283 2056 1361 2083 non
1390 2043 1523 2083 statim
1544 2043 1860 2084 benevolentiam
1883 2043 2060 2108 tolllble-

314 2110 423 2159 bere,
455 2108 552 2148 item
582 2108 825 2161 persuadere
849 2108 993 2149 studet
1032 2108 1203 2148 Omnino
1223 2108 1553 2149 considerandum
1580 2121 1666 2149 esse
1690 2113 1837 2160 censet,
1866 2108 1963 2162 quid
1982 2109 2063 2148 cui-

313 2188 391 2229 que
421 2173 677 2215 tribuendum
707 2177 749 2214 et
777 2173 827 2213 ab
857 2173 997 2214 eodem
1026 2174 1306 2227 postulandum
1335 2175 1398 2226 sit,
1426 2188 1477 2215 ne
1493 2174 1587 2228 quid
1607 2173 1772 2215 nimium
1796 2178 2060 2228 exspectetur,

315 2246 355 2281 et
382 2245 427 2281 ut
449 2241 559 2293 juste
580 2239 766 2293 quodque
786 2244 965 2292 optatum
988 2241 1157 2281 libenter
1185 2241 1479 2294 praestandum,
1509 2241 1565 2281 ita
1592 2246 1725 2281 tamen
1753 2240 1984 2292 cavendum,
2013 2254 2063 2280 ne

313 2306 475 2347 libertas
504 2304 706 2359 cogitandi
738 2309 778 2345 et
805 2305 951 2359 agendi
975 2307 1189 2358 amittatur,
1220 2319 1322 2361 quae
1349 2300 1392 2360 ἢ
1413 2306 1451 2346 ei
1478 2306 1603 2361 pluris
1626 2310 1723 2359 erat,
1755 2318 1875 2359 quam
1903 2306 2063 2347 divitiae

315 2377 357 2412 et
383 2373 495 2412 favor
523 2371 788 2424 potentissimi
817 2373 1008 2424 cujusque
1036 2373 1217 2412 hominis.

424 2436 526 2478 Tam
564 2437 740 2491 pulchris
778 2437 1032 2491 honestisque
1068 2439 1275 2480 sententiis
1311 2439 1431 2480 etiam
1470 2438 1592 2480 verba
1627 2439 1925 2480 accommodata
1960 2451 2061 2492 esse,

310 2503 402 2554 jure
433 2503 629 2542 confidere
657 2504 762 2554 licet,
801 2507 842 2542 et
869 2516 912 2542 re
941 2517 1035 2543 vera
1062 2504 1171 2543 nulla
1198 2517 1319 2556 quum
1348 2517 1481 2543 rerum
1511 2509 1595 2544 tum
1623 2505 1831 2544 verborum
1860 2505 2062 2544 obscoeni·

317 2572 377 2607 tas
405 2568 445 2607 in
474 2569 650 2621 epistolis
678 2569 889 2619 invenitur,
920 2583 1020 2621 quae
1051 2570 1308 2622 turpitudinis
1339 2575 1432 2610 nota
1460 2570 1635 2610 notanda
1663 2571 1723 2611 sit.

425 2633 538 2673 Haec
568 2634 700 2686 habui,
731 2647 833 2688 quae
863 2633 913 2674 de
943 2634 1098 2675 Horatii
1127 2636 1311 2688 operibus
1340 2636 1414 2676 hoc
1443 2636 1528 2676 loco
1558 2635 1815 2689 disputarem.
