2387 3250
1165 182 1212 227 ΣΙ
1222 218 1225 222 .

327 327 569 380 respicimus,
599 338 690 363 eum
718 332 797 363 non
826 324 953 362 solum
981 336 1072 362 cum
1098 323 1256 362 horrore
1279 324 1447 376 quodam
1473 325 1520 364 de
1546 340 1592 366 ea
1613 329 1818 379 cogitasse,
1844 330 1914 369 sed
1933 330 2054 369 etiam

329 391 489 430 minime
528 389 658 429 animo
692 388 966 429 confirmatum
995 400 1082 428 esse
1111 400 1181 439 spe
1209 387 1313 427 vitae
1343 387 1516 441 futurae,
1562 406 1640 444 qua
1677 393 1814 445 optimi
1846 395 1931 446 jam
1969 399 2054 435 tum

330 468 372 495 se
399 453 592 498 consolari
618 452 823 504 solebant,⁴
855 451 1068 491 Poetarum
1088 451 1137 489 de
1159 464 1249 490 orco
1268 452 1411 490 fabulis
1430 455 1576 494 nullam
1598 457 1714 495 fidem
1734 458 1896 509 habens,
1917 471 2054 510 quam-

307 533 448 574 quam
476 518 723 572 Sapphorem
751 521 792 558 et
819 516 1013 558 Alcaeum
1048 517 1089 557 in
1130 516 1251 569 elysio
1290 521 1490 558 cantantes
1523 520 1654 573 fingit,
1690 521 1953 564 desideratam
1981 525 2053 564 im-

330 584 608 625 mortalitatem
636 583 677 623 in
704 583 895 622 memoria
921 583 1168 636 potissimum
1196 586 1441 634 posterorum
1470 586 1644 636 posuisse
1673 587 1837 639 videtur,
1867 589 1932 641 qui
1953 602 2053 642 quae

330 650 442 704 probi
468 654 586 702 atque
616 649 763 702 optime
793 648 842 688 de
871 648 1074 688 hominum
1104 647 1229 687 salute
1256 647 1384 688 meriti
1405 648 1475 688 viri
1500 651 1762 705 perfecissent,
1789 658 1903 707 grato
1923 655 2053 695 animo

328 718 589 768 agnoscerent
617 719 657 753 et
683 718 941 753 reservarent.
996 713 1082 758 Quo
1111 713 1258 752 factum
1287 725 1374 752 esse
1403 714 1469 764 ait,
1499 720 1541 754 ut
1571 717 1705 756 Castor
1726 724 1765 757 et
1793 719 1986 759 Hercules
2002 721 2052 770 ¹⁹)

327 781 429 820 inter
466 783 572 818 astra
600 779 728 830 positi,
758 782 911 818 mutata
939 779 1076 827 forma,
1114 782 1315 817 aeternam
1352 778 1472 818 vitam
1510 787 1680 831 agerent.
1747 783 1898 823 Eodem
1937 784 2052 824 modo

323 844 449 885 etiam
477 843 551 883 sibi
578 847 624 883 ut
651 843 853 895 contingat
883 843 1060 883 futurum
1089 855 1175 882 esse
1205 846 1349 896 sperat,
1388 848 1432 883 ut
1460 845 1569 897 cycni
1595 845 1718 886 forma
1746 847 1904 887 indutus
1943 852 2053 888 vates

332 909 515 962 perennis
544 921 616 961 per
643 908 836 961 liquidum
864 908 1025 948 aethera
1053 909 1202 947 feratur
1230 908 1336 947 omni
1364 908 1510 947 invidia
1537 910 1660 961 major
1689 912 1737 962 2⁰)

438 978 617 1018 Deorum
645 990 687 1018 se
715 978 800 1031 ipse
829 978 922 1017 olim
952 979 1143 1017 cultorem
1170 990 1333 1031 parcum
1362 981 1401 1016 et
1426 977 1711 1031 infrequentem
1749 981 1868 1020 fuisse
1897 982 1971 1032 ait,
2012 987 2051 1021 et

330 1044 506 1097 profecto
532 1056 584 1083 ex
610 1043 764 1096 scriptis
793 1044 879 1096 ejus
907 1044 1150 1096 intelligitur,
1179 1057 1380 1095 nunquam
1400 1057 1489 1082 eum
1507 1058 1651 1097 magna
1674 1046 1739 1085 illa
1764 1048 2051 1099 superstitione,

331 1122 410 1160 qua
437 1108 634 1159 aequales,
665 1121 790 1160 aeque
818 1108 1014 1147 imbutum
1039 1108 1161 1147 fuisse
1190 1108 1254 1147 vel
1277 1108 1449 1148 ductum.
1495 1108 1550 1148 At
1573 1111 1635 1149 vel
1660 1124 1706 1149 ea
1725 1111 1773 1149 de
1794 1125 1921 1161 causa,
1947 1113 2050 1163 quod

331 1173 422 1229 Joxfi
439 1173 587 1227 optimo
606 1173 777 1215 maximo
797 1173 1009 1227 plurimum
1027 1172 1067 1214 in
1087 1171 1344 1227 gubernando
1367 1172 1510 1215 mundo
1526 1173 1669 1227 tribuit,
1692 1175 1916 1217 confirmare
1936 1176 2050 1229 velle,

332 1251 423 1278 eum
451 1243 602 1278 ceteros
631 1239 724 1277 deos
754 1244 872 1292 atque
902 1239 996 1277 deas
1024 1240 1080 1277 nil
1107 1240 1182 1277 nisi
1211 1240 1475 1277 emanationes
1496 1240 1684 1291 quasdam
1713 1246 1751 1279 et
1780 1243 1889 1293 quasi
1918 1256 2049 1294 proso-

332 1305 466 1357 poeias
492 1306 688 1344 variarum
713 1305 823 1345 Jovis
850 1305 986 1357 optimi
1014 1305 1176 1344 maximi
1204 1305 1394 1345 virtutum
1423 1318 1468 1344 ac
1496 1306 1723 1346 facultatum
1750 1307 1944 1359 habuisse,
1974 1308 2053 1348 acsi

333 1382 456 1410 unum
485 1373 639 1410 tantum
667 1369 785 1409 deum
814 1369 1024 1414 crediderit
1051 1374 1181 1423 poeta,
1210 1369 1249 1409 id
1278 1383 1516 1424 quamquam
1545 1372 1711 1422 fuerunt,
1741 1372 1880 1426 quibus
1898 1374 2053 1426 placue-

334 1436 398 1487 rit,
428 1439 560 1474 tamen
589 1436 771 1487 ignorare
800 1435 912 1474 nobis
941 1435 1097 1473 videtur
1131 1448 1217 1473 esse
1256 1440 1402 1474 statum
1439 1437 1623 1475 scientiae
1659 1450 1789 1476 rerum
1825 1438 2052 1488 divinarum,

332 1500 461 1553 qualis
490 1505 576 1540 tum
605 1499 809 1540 doctorum
836 1499 1108 1541 Romanorum
1138 1505 1233 1540 erat.
1292 1499 1433 1554 Neque
1462 1501 1566 1541 enim
1586 1506 1667 1542 tam
1685 1502 1949 1556 philosophiae
1972 1508 2051 1543 stu-

332 1566 464 1606 diosus
492 1566 558 1605 ille
587 1571 683 1616 erat,
713 1565 779 1618 qui
808 1578 855 1605 ea
883 1565 982 1605 duce
1011 1565 1172 1618 propius
1199 1564 1250 1605 ad
1273 1565 1480 1605 veritatem
1503 1566 1691 1606 adductus
1715 1580 1803 1607 cum
1823 1569 2052 1620 aequalibus

333 1632 413 1671 suis
439 1631 595 1671 omnino
625 1631 861 1682 dissentiret,
900 1643 998 1683 quos
1026 1631 1173 1670 multos
1203 1643 1289 1670 esse
1318 1630 1412 1670 deos
1439 1631 1647 1671 credidisse
1677 1637 1837 1672 constat.
1893 1633 1954 1672 De
1983 1647 2053 1673 nu-

332 1697 502 1736 minibus
531 1697 671 1736 divinis
699 1697 822 1736 multo
850 1696 1023 1746 liberius,
1063 1709 1182 1748 quam
1210 1696 1259 1747 ii,
1298 1693 1469 1737 sentiehs
1506 1697 1776 1750 miraculisque
1814 1712 1951 1750 parum
1990 1699 2054 1738 tri-

333 1761 470 1812 buens,
504 1761 598 1801 deos
627 1765 808 1801 aeternos
839 1761 909 1813 (ΙΙ.
940 1761 982 1813 8)
1012 1773 1220 1812 „securum
1245 1774 1364 1813 agere
1392 1764 1557 1801 aevum“
1587 1763 1759 1815 putabat,
1779 1764 1844 1816 qui
1864 1764 1896 1801 si
1916 1768 2056 1803 natura

333 1828 429 1881 quid
456 1828 544 1867 miri
573 1828 732 1878 faceret,
760 1827 802 1867 id
830 1827 962 1866 tristes
991 1840 1043 1867 ex
1063 1827 1142 1866 alto
1172 1827 1279 1867 coelo
1308 1840 1386 1867 non
1415 1827 1664 1868 demitterent
1693 1830 1782 1880 (sat.
1807 1827 1835 1867 Ι.
1865 1829 1920 1878 5).
1976 1828 2055 1868 Eos

331 1907 424 1935 vero
452 1907 585 1935 rerum
623 1894 884 1934 humanarum
921 1906 1000 1933 non
1039 1894 1196 1934 omnino
1233 1893 1482 1947 negligentes
1521 1906 1606 1932 esse
1645 1899 1881 1947 eventusque
1919 1893 2053 1933 felices

332 1966 401 2000 aut
428 1962 605 2000 infelices
631 1974 764 1999 rerum
792 1961 1056 2012 gerendarum
1080 1961 1130 1999 ab
1154 1973 1290 1999 eorum
1315 1961 1443 2011 gratia
1469 1966 1507 1999 et
1535 1961 1591 1999 ira
1616 1961 1796 2012 pendere,
1827 1961 1942 1999 etiam
1967 1974 2054 2012 per-

332 2041 493 2067 suasum
520 2027 706 2067 habuisse
734 2027 903 2077 videtur,
931 2026 972 2066 id
1001 2026 1106 2079 quod
1133 2039 1184 2065 ex
1213 2025 1286 2066 Od.
1314 2025 1387 2066 IV.
1421 2028 1444 2066 6
1483 2026 1576 2067 satis
1605 2026 1843 2079 intelligitur.
1899 2024 1953 2065 Iis
1982 2026 2056 2079 igi-

332 2096 396 2134 tur
424 2092 602 2133 homines
627 2091 822 2133 confidere
851 2090 1009 2144 debere,
1040 2103 1106 2132 eos
1136 2104 1267 2132 rerum
1296 2092 1515 2132 futurarum
1545 2092 1708 2131 scientes
1737 2104 1822 2131 esse
1852 2091 1946 2144 (III.
1974 2093 2055 2143 24),

332 2173 399 2198 eos
428 2160 530 2198 tueri
558 2173 603 2198 ac
632 2160 843 2198 defendere
872 2160 957 2210 pios
989 2159 1035 2209 (I.
1060 2161 1131 2209 173
1162 2160 1265 2209 223),
1296 2159 1427 2198 odisse
1456 2160 1581 2197 scelus
1611 2159 1701 2209 (ΙΙΙ.
1721 2160 1772 2208 4)
1803 2159 1875 2208 ait3
1908 2159 1973 2209 qui
1996 2159 2054 2210 ip-

333 2238 396 2265 sos
425 2224 601 2276 honoret,
632 2224 669 2264 ei
696 2224 889 2277 impertiri
917 2224 966 2264 ab
995 2224 1071 2264 illis
1099 2223 1224 2264 multa
1252 2223 1356 2263 bona
1381 2223 1470 2276 (III.
1507 2225 1591 2276 16);
1631 2237 1706 2263 non
1734 2223 1928 2276 postulare
1961 2222 2055 2263 deos

333 2291 505 2343 pretiosa
533 2291 648 2341 dona,
688 2290 758 2328 sed
786 2303 924 2328 manus
953 2303 1072 2342 puras
1102 2295 1142 2329 et
1168 2291 1436 2342 integritatem
1465 2291 1582 2328 animi
1610 2290 1699 2339 (ΙΠ.
1730 2290 1823 2339 23);
1864 2302 1959 2340 quos
1988 2291 2055 2341 qui

334 2356 552 2409 negligant,
590 2355 651 2395 his
680 2355 884 2395 imminere
913 2367 1079 2408 magnos
1109 2355 1263 2395 dolores
1293 2355 1385 2407 (III.
1416 2355 1477 2406 6);
1516 2354 1809 2394 antecedentem
1846 2354 2057 2393 scelestum

334 2435 422 2462 raro
453 2422 674 2462 deseruisse
703 2421 805 2475 pede
833 2421 1014 2462 claudam
1042 2421 1218 2462 Poenam
1247 2421 1342 2474 (III.
1373 2420 1416 2472 2)
1447 2425 1486 2461 et
1513 2434 1612 2474 quae
1641 2420 1780 2460 similia
1808 2420 2058 2459 inveniuntur

335 2489 458 2542 probe
488 2488 602 2529 dicta.
659 2488 792 2542 Atque
822 2487 934 2540 adeo,
964 2488 997 2527 si
1025 2487 1099 2528 Od.
1129 2487 1184 2528 II.
1217 2490 1288 2540 173
1328 2487 1403 2528 III.
1433 2489 1456 2526 8
1495 2487 1733 2540 respicimus,
1772 2486 1951 2539 ignorare
1979 2499 2058 2526 non

379 2653 420 2693 ιν)
444 2654 493 2686 ιιι,
522 2653 575 2693 13,
601 2654 652 2685 ιν.
677 2654 707 2687 8.

382 2739 422 2781 ²⁰)
446 2740 481 2772 ιι.
507 2740 566 2779 90,
593 2742 644 2774 ιν.
667 2743 705 2781 3;
740 2742 826 2773 conf.
853 2742 901 2773 ιιι.
924 2741 984 2780 30,
1009 2741 1046 2772 ιν
1073 2740 1112 2781 8;
1138 2740 1174 2779 9,
1200 2739 1247 2771 ιιι.
1274 2740 1304 2772 2.
1327 2744 1389 2771 etc.
1964 2734 2009 2773 (2)
