2387 3250
1171 237 1215 278 lv

1072 306 1177 316 &mlxxx
1190 305 1236 314 ’κβ
1250 305 1270 313 »x
1282 305 1290 307 ⁴
1308 305 1319 311 κ

319 381 477 433 fuerint,
515 382 688 434 corrupti
727 383 1022 432 cognoscantur,
1052 376 1122 416 sed
1165 376 1296 425 etiam,
1327 388 1405 427 qua
1432 375 1623 414 Horatius
1652 375 1845 428 imprimis
1875 374 1969 427 quid
1998 375 2057 414 ni-

319 447 394 486 mis
423 447 564 487 leviter
590 450 709 499 atque
737 444 856 497 impie
884 443 933 482 de
962 436 1171 481 mulierum
1200 439 1394 492 dignitate
1422 439 1672 492 cogitaverit,
1702 443 1794 480 ante
1821 439 1954 479 oculos
1986 438 2058 479 du-

323 516 436 551 catur
463 516 504 551 et
531 510 800 564 perspiciatur.
856 507 960 546 Nam
997 506 1039 545 in
1076 505 1162 544 aliis
1199 504 1372 557 quidem,
1400 504 1592 558 imprimis
1629 504 1829 544 amatoriis
1858 505 1944 557 ejus
1973 513 2058 543 car-

321 576 494 629 minibus
531 575 743 625 libertinas,
773 585 874 625 quae
911 570 1102 622 dicantur,
1133 570 1169 610 ei
1208 570 1374 624 pulchra
1411 570 1571 624 quidem
1606 570 1791 611 animalia
1819 574 1859 610 et
1887 569 2058 610 oblecta-

323 647 459 683 menta
488 654 587 692 esse,
615 641 656 680 in
693 639 766 678 hac
802 650 895 677 vero
933 636 1055 677 satira
1090 635 1147 676 nil
1174 636 1250 676 nisi
1292 636 1490 676 libidinosi
1516 636 1590 676 viri
1617 636 1769 676 incasta
1796 635 1991 676 desideria
2019 640 2059 676 et

323 707 480 762 gaudia.
539 706 593 746 Et
620 710 751 745 tamen
778 702 819 742 in
838 715 886 742 ea
904 715 1061 755 quoque
1089 701 1300 742 honestum
1320 701 1520 756 quoddam
1546 701 1750 742 consilium
1778 701 1952 755 ignorari
1980 715 2058 741 non

322 787 451 827 posse,
481 771 656 825 quamvis
683 768 869 822 profanae
899 772 938 808 et
965 768 1158 808 immanes
1188 768 1365 820 prolatae
1397 769 1616 809 sententiae
1640 768 1729 809 sint.
1767 767 1933 808 Poetam
1954 768 2059 807 enim

323 839 520 879 adulteros
555 837 800 888 impugnare,
843 846 942 886 quos
979 834 1064 886 ipse
1102 846 1305 886 nunquam
1343 838 1502 874 secutus
1540 834 1603 886 sit,
1642 846 1768 886 eaque
1797 847 1840 873 re
1868 833 2060 873 indirecta

323 904 386 944 via
414 900 699 951 verecundiam,
729 912 850 952 quam
878 899 918 937 in
947 897 1032 937 odis
1061 911 1181 951 saepe
1210 899 1374 938 summis
1416 898 1599 938 laudibus
1636 898 1787 951 efferat,
1817 898 1912 938 dum
1950 898 2060 938 adul-

323 969 462 1009 terium
490 979 684 1019 nusquam
711 965 752 1004 in
774 965 912 1017 jocum
940 967 1082 1015 vertat,
1120 964 1161 1004 in
1199 964 1457 1005 domesticam
1484 964 1607 1004 vitam
1644 964 1852 1004 restituere
1891 963 2060 1004 studere.

324 1032 507 1072 Oredenti
536 1031 652 1082 enim,
680 1041 753 1083 per
781 1042 824 1068 se
854 1033 1048 1080 constare,
1078 1029 1345 1082 expletionem
1373 1028 1540 1068 coeundi
1568 1028 1769 1081 appetitus
1797 1028 2061 1067 necessariam

322 1097 519 1149 quandam
547 1096 597 1135 ad
625 1095 748 1135 vitam
776 1108 861 1134 rem
891 1108 991 1145 esse,
1020 1095 1347 1146 matrimonioque
1386 1094 1482 1144 solo,
1512 1093 1618 1146 quod
1645 1094 1730 1146 ipse
1760 1107 1964 1146 nunquam
1992 1106 2061 1133 ex·
2084 1083 2088 1087 ’

319 1166 454 1215 pertus
483 1162 545 1212 sit,
574 1159 611 1199 ei
639 1158 821 1199 satisfieri
846 1173 924 1200 non
953 1159 1109 1200 omnino
1138 1171 1268 1212 posse,
1296 1163 1377 1199 tres
1406 1158 1518 1212 quasi
1546 1158 1631 1198 vias
1674 1158 1830 1198 relictas
1859 1157 1983 1198 videri
2011 1157 2062 1197 ad

318 1240 402 1266 rem
439 1230 616 1278 optatam
654 1226 956 1278 assequendam,
993 1238 1126 1276 unam,
1165 1237 1267 1277 quae
1296 1237 1368 1277 per
1395 1224 1561 1265 lustrum
1589 1223 1720 1274 ducat,
1750 1224 1927 1273 alteram,
1959 1236 2060 1275 quae

318 1290 369 1330 ad
396 1290 712 1341 concubinatum,
742 1291 912 1341 tertiam,
951 1302 1052 1343 quae
1090 1289 1264 1329 moechis
1302 1289 1458 1342 placeat
1496 1292 1536 1327 et
1574 1287 1778 1328 conducat.
1834 1287 1943 1327 Dum
1975 1288 2061 1339 jam

317 1367 411 1395 vere
438 1355 607 1408 primam
636 1355 850 1404 admodum
880 1360 1112 1409 aspernetur
1140 1355 1343 1408 Davisque
1372 1353 1674 1406 ingrediendum
1702 1358 1829 1407 putet,
1850 1352 1967 1393 tertia
1995 1353 2062 1393 illa

317 1420 541 1460 adulterina
566 1420 725 1460 omnino
754 1421 988 1474 improbata,
1018 1421 1131 1473 quasi
1149 1419 1323 1459 mediam
1351 1420 1456 1459 viam
1494 1419 1796 1458 concubinatum
1834 1432 1926 1458 eum
1954 1431 2057 1458 com-

315 1484 517 1536 mendare,
543 1485 758 1525 dummodo
787 1499 896 1526 amor
924 1485 1027 1526 absit
1054 1485 1286 1525 libidinosus
1315 1498 1362 1524 ac
1389 1484 1614 1524 famulatus.
1665 1483 1777 1529 Quae
1801 1486 1944 1537 poetae
1973 1495 2061 1523 sen-

315 1550 439 1590 tentia
477 1563 525 1590 eo
561 1550 719 1604 longius
756 1564 781 1590 a
817 1551 972 1604 probro,
1002 1550 1108 1603 quod
1146 1550 1183 1589 ei
1217 1549 1433 1589 honestatis
1471 1549 1622 1589 ratione
1651 1548 1786 1588 habita
1814 1549 1915 1588 verti
1943 1561 2060 1602 posse

315 1615 508 1665 videatur,
537 1615 699 1666 recedit,
729 1628 807 1667 quo
846 1616 972 1667 magis
1010 1627 1205 1653 memores
1235 1627 1324 1666 esse
1353 1614 1556 1664 debemus,
1585 1626 1676 1652 eum
1705 1627 1729 1652 a
1755 1626 1873 1653 verae
1901 1614 2060 1664 religio-

316 1680 377 1720 nis
406 1679 598 1731 doctrina,
621 1693 701 1733 qua
728 1693 799 1720 nos
829 1680 1020 1731 ducimur,
1041 1680 1214 1723 alienum
1234 1679 1368 1730 fuisse,
1389 1678 1770 1732 concubinatumque
1792 1678 1947 1732 legibus
1966 1678 2062 1731 ipsis

316 1745 475 1798 publice
504 1758 736 1785 concessum
765 1750 805 1785 et
832 1750 1052 1799 protectum
1077 1744 1259 1796 fuisse.²)
1315 1744 1370 1784 Et
1398 1744 1520 1797 quid?
1555 1744 1697 1784 Nonne
1725 1743 1946 1797 philosophi
1977 1744 2061 1796 qui-

315 1810 419 1862 dam,
448 1823 617 1864 quorum
646 1810 854 1864 disciplina
889 1812 929 1850 in
956 1811 1178 1861 Horatium,
1210 1823 1331 1863 quum
1359 1809 1529 1849 Athenis
1557 1814 1795 1861 versaretur,
1830 1809 2061 1849 nonnullam

315 1877 395 1917 vim
423 1877 603 1917 attulisse
633 1877 800 1927 videtur,
828 1878 954 1930 ipsam
983 1879 1227 1930 voluptatem
1255 1877 1522 1930 probaverunt
1550 1877 1589 1915 in
1615 1889 1742 1928 eaque
1771 1889 1969 1916 summum
1996 1876 2060 1916 bo-

317 1957 411 1983 num
441 1944 689 1997 posuerunt?
745 1943 878 1983 Facile
907 1944 1027 1996 igitur
1056 1948 1116 1983 est
1145 1943 1309 1994 creditu,
1349 1943 1535 1996 aequales
1571 1946 1713 1995 poetae
1751 1942 1859 1982 illam
1898 1941 2061 1982 crudam

316 2023 556 2064 sensumque
575 2014 756 2050 nostrum
774 2011 870 2050 recti
891 2016 930 2050 et
950 2010 1106 2050 venusti
1123 2009 1336 2050 admodum
1357 2008 1624 2049 offendentem
1640 2009 1801 2049 satiram
1820 2009 1938 2062 longe
1962 2008 2061 2060 aliis,

318 2080 360 2116 ut
388 2076 444 2116 ita
473 2077 615 2127 dicam,
645 2077 768 2116 oculis
802 2077 947 2129 legisse
985 2077 1180 2130 aliterque
1218 2089 1266 2116 ea
1295 2076 1426 2116 animo
1451 2079 1667 2115 commotos
1705 2088 1804 2126 esse,
1835 2088 1966 2128 quam,
1996 2075 2063 2128 qui

316 2155 420 2181 nunc
449 2142 632 2192 vivimus,
662 2155 747 2181 nos.
788 2141 1085 2182 Meminerimus
1112 2146 1267 2181 tantum
1295 2145 1479 2194 opportet
1496 2141 1689 2193 populum
1707 2140 1945 2191 Romanum,
1966 2153 2062 2192 qua-

316 2207 364 2247 lis
402 2211 489 2248 tum
526 2211 623 2260 erat,
664 2207 822 2248 omnino
864 2208 1005 2261 levem,
1044 2209 1204 2249 mollem
1240 2207 1532 2261 voluptatisque
1569 2209 1836 2260 appetentem.
1892 2205 1941 2246 In
1985 2219 2062 2259 quo

318 2274 525 2313 etiamtum
554 2278 641 2313 erat
668 2274 737 2312 illa
765 2275 962 2325 severitas,
992 2276 1060 2313 illa
1087 2286 1243 2314 morum
1265 2273 1496 2326 simplicitas
1516 2273 1715 2325 animique
1735 2272 1956 2324 integritas,
1978 2273 2062 2324 qui.-

317 2339 392 2379 bus
421 2340 593 2393 majores
622 2340 717 2380 olim
747 2341 1025 2382 excellebant?
1080 2339 1403 2394 Quotusquisque
1431 2352 1510 2379 non
1534 2338 1753 2379 ducebatur
1778 2337 1946 2389 luxurie,
1966 2337 2063 2377 mol-

318 2404 414 2456 litia,
442 2406 632 2459 nequitia,
662 2406 806 2459 quibus
834 2407 926 2446 victi
955 2420 978 2446 a
1006 2407 1196 2446 Romanis
1225 2406 1361 2458 magni
1388 2405 1525 2459 populi
1550 2417 1679 2457 nuper
1706 2405 1811 2457 capti
1838 2403 2061 2457 perditique

320 2472 464 2512 erant?
522 2471 672 2523 „Casta
701 2476 774 2523 est,
804 2485 921 2525 quam
958 2485 1074 2512 nemo
1110 2472 1304 2525 rogavit“,
1334 2472 1461 2525 inquit
1489 2471 1667 2521 Ovidius,
1704 2470 1878 2522 „felices,
1918 2469 2060 2522 quibus

319 2550 414 2575 usus
440 2537 592 2589 adest,“
622 2542 663 2577 et
687 2538 878 2577 Horatius
907 2539 1012 2590 ipse:

755 2608 946 2648 Fecunda
972 2609 1112 2660 culpae
1141 2608 1301 2648 saecula
1329 2607 1485 2660 nuptias

694 2672 873 2713 Primum
902 2674 1158 2727 inquinavere
1188 2677 1228 2713 et
1256 2685 1383 2727 genus
1411 2677 1450 2712 et
1476 2672 1637 2713 domus:

367 2790 394 2834 ²)
421 2792 506 2826 cons.
536 2792 675 2829 Weber:
708 2792 814 2825 Hor-az
837 2792 884 2825 als
913 2793 1046 2826 Mensch
1073 2807 1103 2830 11.
1134 2794 1265 2827 Dichter
1291 2806 1321 2838 p.
1346 2793 1399 2830 85.
