2387 3250
1145 208 1189 249 ΙΧ

1059 277 1079 285 ,μ
1094 276 1170 285 vxm‘r«
1186 277 1199 282 2-
1218 277 1233 281 1«
1250 277 1291 286 «ᾖ

306 366 390 391 rem
419 353 610 391 bonarum
638 351 781 389 artium
810 363 880 401 pro
909 350 983 387 deo
1012 363 1137 400 paene
1167 351 1344 388 venerari
1373 365 1462 389 eum
1491 353 1636 403 dicunt,
1666 355 1735 393 sed
1763 356 1916 406 injuria.
1955 356 2037 395 Ubi

307 431 398 458 eum
426 415 600 456 celebrat
626 415 892 467 virtutemque
920 414 1005 467 ejus
1035 413 1252 466 collaudat,
1290 414 1385 454 nihil
1421 428 1538 468 quam
1571 419 1707 472 optimi
1737 421 1925 473 cujusque
1955 420 2034 461 Ro-

307 494 512 521 manorum
541 480 590 518 de
619 493 665 519 eo
695 480 910 517 sententias
938 480 1069 518 verbis
1096 481 1336 531 pronuntiat,
1365 494 1491 532 neque
1516 484 1599 521 fieri
1616 486 1753 535 potuit,
1783 491 1828 524 ut
1849 488 2035 537 aequales

309 549 395 601 ejus
426 561 471 586 eo
502 546 758 585 incitarentur
786 543 838 584 ad
864 543 1105 584 adulandum
1134 544 1388 598 principibus,
1417 559 1542 599 neque
1562 548 1769 590 Horatium
1789 555 1832 591 ut
1851 551 2033 591 callidum

310 613 566 663 odiosumque
595 610 841 649 adulatorem
869 609 1071 649 haberent.
1127 610 1212 649 Nec
1238 614 1321 649 tam
1347 611 1536 650 obnoxius
1564 615 1628 653 ille
1651 614 1822 667 Augusti
1843 618 2033 656 voluntati

307 682 403 728 erat,
432 681 477 716 ut
505 677 542 716 ei
565 676 606 715 in
634 679 809 714 mentem
835 675 970 714 venire
998 679 1143 728 posset,
1172 676 1437 715 necessarium
1465 678 1537 717 sibi
1566 692 1650 719 esse
1674 681 1887 721 adulationi
1906 683 2033 721 indul·

307 756 415 795 gere,
445 754 524 793 qua
551 741 722 793 gratiam
751 740 836 792 ejus
863 744 1019 792 partam
1048 741 1120 780 sibi
1148 745 1368 780 reservaret
1397 746 1435 781 et
1455 750 1628 795 augeret.
1668 746 1780 791 Quod
1800 761 1848 787 ne
1872 748 2032 797 faceret,

307 807 402 847 satis
431 819 523 846 eum
552 818 662 844 amor
688 804 882 844 libertatis
911 805 1163 858 studiumque
1194 806 1292 844 illud
1320 806 1564 858 probandum
1592 823 1637 848 ac
1670 811 1865 850 laudabile
1903 812 2033 863 prohi-

306 872 427 911 bebat
453 871 529 910 sibi
556 884 633 921 res,
662 884 741 909 non
769 884 811 909 se
839 870 959 910 rebus
988 871 1266 923 subjungendi,
1295 871 1400 922 quod
1428 886 1478 911 ex
1506 875 1686 925 operibus
1715 877 1799 927 ejus
1829 877 1945 928 plane
1975 877 2030 916 in-

309 936 512 989 telligitur,
541 935 768 975 utiisolum
792 939 933 989 poetae
963 935 1145 976 comitate
1174 935 1320 975 offendi
1348 936 1508 989 possint,
1543 939 1609 991 qui
1636 952 1762 992 neque
1789 954 1916 980 mores
1946 943 2031 994 ejus

306 1002 499 1053 ingenuos
527 1001 629 1039 bene
657 1001 931 1052 perspexerint
958 1013 1089 1051 neque
1117 1000 1290 1052 Augusti
1318 1002 1367 1040 de
1395 1004 1539 1053 populo
1560 1004 1735 1043 Romano
1764 1006 1863 1044 bene
1893 1008 2031 1045 merita

308 1071 349 1108 et
376 1066 494 1120 hujus
524 1079 621 1119 erga
648 1078 739 1106 eum
766 1069 923 1119 gratum
952 1065 1127 1106 animum
1157 1066 1265 1119 juste
1294 1065 1511 1119 ponderent
1540 1072 1578 1107 et
1606 1074 1828 1121 agnoscant.
1848 1070 1898 1122 ¹⁰)
1939 1070 2030 1110 Mit-

308 1138 438 1172 tamus
466 1132 598 1183 igitur,
628 1132 677 1170 de
699 1145 745 1170 eo
772 1132 896 1170 fusius
926 1132 1127 1183 disputare
1157 1136 1197 1170 et
1224 1132 1479 1183 gaudeamus,
1509 1134 1624 1185 quod,
1652 1135 1718 1173 ubi
1741 1149 1878 1187 pacem
1897 1136 2031 1176 laudat

309 1202 428 1250 poeta
455 1197 635 1249 votisque
664 1197 745 1236 suis
773 1197 1043 1250 persequitur,
1080 1211 1159 1238 non
1188 1201 1247 1237 est
1276 1197 1344 1237 illa
1372 1198 1498 1238 mollis
1533 1204 1572 1239 et
1600 1199 1799 1241 effeminas
1837 1201 2028 1254 voluptaS,

307 1276 427 1317 quam
454 1262 562 1303 velut
590 1262 760 1302 fructum
788 1262 906 1316 hujus
935 1263 1042 1316 pacis
1072 1262 1281 1315 desiderat,
1311 1263 1380 1301 sed
1408 1265 1647 1303 conservatio
1677 1267 1867 1317 majorum
1895 1267 1942 1305 de
1972 1280 2030 1305 re-

310 1329 472 1380 publica
500 1329 795 1378 sententiarum,
826 1329 875 1367 de
905 1329 1003 1367 urbe
1032 1334 1072 1367 et
1105 1329 1282 1381 imperio,
1318 1330 1459 1380 quibus
1487 1345 1622 1381 pacem
1658 1332 1764 1370 illam
1793 1334 1882 1371 solis
1920 1335 2030 1384 quasi

313 1392 578 1432 fundamentis
606 1392 679 1431 niti
707 1397 832 1445 putat,
871 1392 995 1432 otium
1023 1393 1231 1432 honestum
1260 1397 1378 1445 atque
1408 1393 1542 1445 dulce,
1573 1407 1649 1446 quo
1678 1395 1800 1434 civem
1824 1408 2030 1448 quemque,

308 1457 420 1497 victis
466 1456 627 1496 tandem
676 1458 888 1497 etiamtunc
936 1457 1207 1497 resistentibus
1245 1457 1440 1508 barbaris,
1492 1458 1699 1498 fruiturum
1747 1473 1831 1499 esse
1869 1460 2034 1500 libenter

308 1525 451 1573 sperat.
506 1520 560 1560 Et
595 1521 690 1572 quid
727 1522 912 1573 aequius,
952 1521 1047 1574 quid
1082 1521 1262 1560 Romano
1300 1535 1392 1560 vero
1431 1527 1547 1574 atque
1579 1522 1655 1561 fido
1696 1525 1821 1575 magis
1858 1524 2031 1575 dignum,

310 1598 428 1638 quam
467 1586 660 1638 ejusmodi
696 1586 902 1637 desideria,
941 1586 1120 1625 Romano
1150 1585 1248 1636 dico,
1283 1586 1350 1637 qui
1379 1600 1571 1625 summam
1600 1601 1709 1627 suam
1737 1589 1965 1639 religionem
1993 1589 2032 1626 in

308 1652 464 1691 civitate
494 1656 677 1704 poneret,
717 1656 835 1703 atque
864 1652 1015 1703 omnia,
1055 1664 1156 1704 quae
1186 1652 1221 1690 ei
1251 1652 1411 1703 gloriae,
1452 1652 1651 1691 commodo
1682 1659 1720 1691 et
1749 1654 1860 1692 saluti
1891 1659 2031 1702 essent,

302 1718 413 1770 justa
451 1721 491 1757 et
526 1717 728 1770 probanda
764 1717 981 1770 eademque
1031 1730 1149 1757 causa
1195 1717 1417 1770 appetenda
1457 1717 1653 1757 habebat?
1731 1718 1877 1763 Quodsi
1932 1719 2034 1757 cives

310 1789 442 1823 noster
470 1784 668 1835 admonet,
700 1789 744 1823 ut
772 1784 822 1822 ad
851 1784 982 1823 hostes
1012 1784 1201 1836 imprimis
1231 1784 1393 1823 consilia
1420 1797 1491 1823 sua
1519 1789 1558 1823 et
1581 1785 1832 1836 cogitationes
1852 1785 2031 1835 referant,

309 1849 496 1888 adversus
526 1863 592 1888 eos
622 1849 774 1901 gladios
804 1850 1009 1900 stringant,
1039 1862 1117 1887 non
1141 1850 1181 1887 in
1207 1862 1249 1887 se
1278 1850 1353 1901 ipsi
1380 1849 1429 1900 (I,
1448 1851 1518 1901 2.)‚
1548 1855 1590 1888 ut
1611 1863 1676 1888 eos
1697 1850 1903 1899 divincant,
1933 1863 2031 1889 neve

309 1931 351 1955 se
380 1914 547 1955 iniricem
577 1915 697 1955 caede
727 1919 766 1954 et
796 1915 1017 1954 calamitate
1047 1919 1345 1967 persequantur,
1376 1915 1471 1954 haec
1501 1914 1715 1954 adhortatio
1744 1915 1890 1967 populi,
1921 1915 2031 1965 cujus

310 1983 458 2022 bellum
502 1994 641 2034 gerere
681 1986 786 2032 erat,
826 1981 972 2033 quique
1012 1985 1175 2020 externo
1213 1985 1366 2020 tantum
1394 1981 1496 2020 bello
1522 1981 1706 2020 contineri
1734 1984 1902 2032 poterat,
1940 1993 2033 2031 quo-

310 2049 437 2087 minus
471 2048 576 2087 domi
609 2047 820 2086 seditiones
849 2047 1009 2097 faceret,
1043 2059 1172 2085 nonne
1202 2046 1281 2098 legi
1310 2047 1429 2085 etiam
1457 2046 1607 2084 divinae
1637 2046 1705 2084 tibi
1734 2045 1948 2083 consentire
1977 2046 2033 2083 vi-

311 2114 437 2165 detur,
476 2113 509 2152 si
546 2112 707 2165 cogitas,
748 2112 843 2164 quid
880 2112 1103 2165 populares,
1143 2112 1259 2163 cives,
1299 2112 1506 2164 propinqui
1544 2112 1615 2150 sibi
1651 2111 1814 2150 invicem
1852 2110 2033 2161 debeant,

310 2180 406 2233 quid
441 2180 548 2218 nullo
587 2178 782 2218 societatis
821 2182 889 2218 aut
927 2177 1128 2216 affinitatis
1165 2178 1319 2216 vinculo
1350 2178 1543 2229 conjuncti
1586 2177 1714 2215 hostes
1746 2176 1888 2214 vicini?
1944 2175 2034 2214 Hoc

310 2246 426 2286 modo
456 2249 570 2298 parta
597 2257 695 2297 pace
732 2257 827 2284 vero
864 2243 967 2283 effici
1005 2243 1128 2282 voluit
1165 2247 1293 2296 poeta,
1332 2247 1377 2282 ut
1415 2243 1577 2296 pristina
1613 2242 1878 2281 Romanorum
1911 2241 2033 2280 virtus

310 2325 433 2364 quum
462 2311 634 2364 corporis
664 2315 748 2350 tum
778 2310 898 2350 animi
927 2314 966 2350 et
993 2310 1266 2349 restitueretur
1294 2314 1334 2349 et
1363 2314 1573 2361 augeretur
1600 2308 1812 2347 imitatione
1842 2306 2035 2346 editorum

311 2391 335 2416 a
362 2377 575 2430 majoribus
604 2377 877 2428 exemplorum
892 2376 946 2426 ¹¹]
968 2375 1195 2425 modestiae,
1219 2375 1407 2426 Justitiae,
1436 2374 1538 2424 fidei,
1569 2372 1835 2424 simplicitatis,
1864 2372 2034 2410 liberali-

313 2443 417 2494 tatis,
456 2443 647 2496 imprimis
687 2442 813 2482 cultus
852 2452 1084 2493 morumque
1122 2439 1415 2491 emendatione,
1454 2440 1536 2478 sine
1565 2451 1641 2490 qua
1668 2438 1776 2489 leges
1806 2437 2035 2476 constitutas

312 2509 457 2547 frustra
480 2510 579 2547 latas
609 2522 694 2546 esse
724 2512 838 2560 putat
865 2520 993 2558 neque
1022 2507 1235 2558 quidquam
1261 2507 1402 2545 valere.
1449 2505 1495 2543 In
1514 2504 1757 2556 Capitolium,
1784 2504 1921 2555 inquit,
1947 2517 2035 2542 con-

374 2634 415 2675 ¹⁰]
447 2634 573 2665 Gaston
600 2636 758 2665 Boissier:
785 2636 891 2665 Revue
916 2635 972 2666 des
998 2635 1082 2665 deux
1107 2635 1242 2665 mondes
1271 2635 1368 2665 1567:
1401 2635 1488 2664 C'est
1511 2644 1625 2662 encore
1658 2643 1691 2661 ee
1716 2633 1765 2661 fils
1791 2632 1951 2662 ‹l'esclave
1979 2632 2034 2673 qui

441 2689 521 2721 dans
545 2701 594 2720 ses¹
620 2691 784 2726 flatteries‚
809 2701 826 2720 a
848 2701 884 2720 su
909 2700 1082 2721 conserver
1106 2691 1135 2720 le
1158 2691 1269 2720 mieux
1295 2701 1328 2720 sa
1352 2688 1486 2730 diguite.

376 2758 413 2800 ¹¹)
448 2760 501 2792 ιν.
524 2759 561 2799 4;
590 2760 637 2792 ιιι.
660 2759 697 2800 2;
720 2762 757 2799 6,
784 2761 806 2790 ι.
829 2759 889 2799 22;
916 2760 951 2791 ιι.
975 2759 1012 2800 2;
1041 2761 1075 2794 ιι,
1104 2762 1160 2800 15;
1186 2760 1219 2791 ιιι
1249 2759 1304 2799 16,
1330 2759 1367 2789 ιν
1395 2757 1424 2789 4.
