<?xml version="1.0" encoding="UTF-8"?>
<!DOCTYPE html PUBLIC "-//W3C//DTD XHTML 1.0 Transitional//EN"
    "http://www.w3.org/TR/xhtml1/DTD/xhtml1-transitional.dtd">
<html xmlns="http://www.w3.org/1999/xhtml" xml:lang="en" lang="en">
 <head>
  <title>
</title>
<meta http-equiv="Content-Type" content="text/html;charset=utf-8" />
  <meta name='ocr-system' content='tesseract 3.04.00' />
  <meta name='ocr-capabilities' content='ocr_page ocr_carea ocr_par ocr_line ocrx_word'/>
</head>
<body>
  <div class='ocr_page' id='page_1' title='image "4773723_0014.png"; bbox 0 0 2387 3250; ppageno 0'>
   <div class='ocr_carea' id='block_1_1' title="bbox 1071 306 1317 316">
    <p class='ocr_par' dir='ltr' id='par_1_1' title="bbox 1071 306 1317 316">
     <span class='ocr_line' id='line_1_1' title="bbox 1071 306 1317 316; baseline -0.024 0"><span class='ocrx_word' id='word_1_1' title='bbox 1071 306 1317 316; x_wconf 39' lang='lat' dir='ltr'><strong>xx«fx1xrxx«*</strong></span> 
     </span>
    </p>
   </div>
   <div class='ocr_carea' id='block_1_2' title="bbox 326 378 2075 2660">
    <p class='ocr_par' dir='ltr' id='par_1_2' title="bbox 326 378 2071 1477">
     <span class='ocr_line' id='line_1_2' title="bbox 326 378 2062 437; baseline -0.005 -13"><span class='ocrx_word' id='word_1_2' title='bbox 326 397 456 436; x_wconf 88' lang='lat' dir='ltr'><strong>causa,</strong></span> <span class='ocrx_word' id='word_1_3' title='bbox 487 384 605 437; x_wconf 92' lang='lat' dir='ltr'><strong>quod,</strong></span> <span class='ocrx_word' id='word_1_4' title='bbox 635 385 771 436; x_wconf 84' lang='lat' dir='ltr'><strong>quanti</strong></span> <span class='ocrx_word' id='word_1_5' title='bbox 800 385 884 435; x_wconf 89' lang='lat' dir='ltr'><strong>ejus</strong></span> <span class='ocrx_word' id='word_1_6' title='bbox 914 383 1087 432; x_wconf 88' lang='lat' dir='ltr'><strong>intersit,</strong></span> <span class='ocrx_word' id='word_1_7' title='bbox 1126 386 1171 420; x_wconf 92' lang='lat' dir='ltr'><strong>ut</strong></span> <span class='ocrx_word' id='word_1_8' title='bbox 1200 382 1365 420; x_wconf 89' lang='lat' dir='ltr'><strong>societas</strong></span> <span class='ocrx_word' id='word_1_9' title='bbox 1404 379 1577 418; x_wconf 86' lang='lat' dir='ltr'><strong>humana</strong></span> <span class='ocrx_word' id='word_1_10' title='bbox 1616 378 1722 418; x_wconf 88' lang='lat' dir='ltr'><strong>omni</strong></span> <span class='ocrx_word' id='word_1_11' title='bbox 1755 379 1872 418; x_wconf 91' lang='lat' dir='ltr'><strong>modo</strong></span> <span class='ocrx_word' id='word_1_12' title='bbox 1911 378 2062 427; x_wconf 88' lang='lat' dir='ltr'><strong>floreat,</strong></span> 
     </span>
     <span class='ocr_line' id='line_1_3' title="bbox 326 437 2063 503; baseline -0.003 -14"><span class='ocrx_word' id='word_1_13' title='bbox 326 451 503 503; x_wconf 80' lang='lat' dir='ltr'>nequitia</span> <span class='ocrx_word' id='word_1_14' title='bbox 531 455 770 501; x_wconf 83' lang='lat' dir='ltr'>amoveatur,</span> <span class='ocrx_word' id='word_1_15' title='bbox 800 452 936 502; x_wconf 90' lang='lat' dir='ltr'><strong>aperte</strong></span> <span class='ocrx_word' id='word_1_16' title='bbox 963 437 1148 498; x_wconf 83' lang='lat' dir='ltr'><strong>indicant,</strong></span> <span class='ocrx_word' id='word_1_17' title='bbox 1179 459 1257 499; x_wconf 92' lang='lat' dir='ltr'><strong>quo</strong></span> <span class='ocrx_word' id='word_1_18' title='bbox 1285 446 1415 485; x_wconf 88' lang='lat' dir='ltr'><strong>minus</strong></span> <span class='ocrx_word' id='word_1_19' title='bbox 1433 445 1519 498; x_wconf 89' lang='lat' dir='ltr'><strong>ipse</strong></span> <span class='ocrx_word' id='word_1_20' title='bbox 1544 444 1753 496; x_wconf 87' lang='lat' dir='ltr'><strong>erroribus,</strong></span> <span class='ocrx_word' id='word_1_21' title='bbox 1783 457 1881 497; x_wconf 90' lang='lat' dir='ltr'><strong>quos</strong></span> <span class='ocrx_word' id='word_1_22' title='bbox 1901 443 2063 484; x_wconf 89' lang='lat' dir='ltr'><strong>vocibus</strong></span> 
     </span>
     <span class='ocr_line' id='line_1_4' title="bbox 327 510 2064 566; baseline -0.005 -12"><span class='ocrx_word' id='word_1_23' title='bbox 327 515 549 566; x_wconf 83' lang='lat' dir='ltr'><strong>cavillabat,</strong></span> <span class='ocrx_word' id='word_1_24' title='bbox 589 515 805 553; x_wconf 79' lang='lat' dir='ltr'><strong>ducebatur</strong></span> <span class='ocrx_word' id='word_1_25' title='bbox 833 517 873 551; x_wconf 90' lang='lat' dir='ltr'><strong>et</strong></span> <span class='ocrx_word' id='word_1_26' title='bbox 900 512 1165 564; x_wconf 87' lang='lat' dir='ltr'><strong>perturbatur,</strong></span> <span class='ocrx_word' id='word_1_27' title='bbox 1204 523 1250 549; x_wconf 92' lang='lat' dir='ltr'><strong>eo</strong></span> <span class='ocrx_word' id='word_1_28' title='bbox 1279 511 1407 562; x_wconf 86' lang='lat' dir='ltr'><strong>magis</strong></span> <span class='ocrx_word' id='word_1_29' title='bbox 1437 510 1580 548; x_wconf 89' lang='lat' dir='ltr'><strong>civium</strong></span> <span class='ocrx_word' id='word_1_30' title='bbox 1617 522 1777 547; x_wconf 89' lang='lat' dir='ltr'><strong>suorum</strong></span> <span class='ocrx_word' id='word_1_31' title='bbox 1814 510 1965 547; x_wconf 87' lang='lat' dir='ltr'><strong>animos</strong></span> <span class='ocrx_word' id='word_1_32' title='bbox 2002 510 2064 546; x_wconf 88' lang='lat' dir='ltr'><strong>his</strong></span> 
     </span>
     <span class='ocr_line' id='line_1_5' title="bbox 329 573 2064 630; baseline -0.003 -10"><span class='ocrx_word' id='word_1_33' title='bbox 329 581 480 620; x_wconf 87' lang='lat' dir='ltr'><strong>moveri</strong></span> <span class='ocrx_word' id='word_1_34' title='bbox 499 585 540 620; x_wconf 88' lang='lat' dir='ltr'><strong>et</strong></span> <span class='ocrx_word' id='word_1_35' title='bbox 560 580 778 629; x_wconf 82' lang='lat' dir='ltr'><strong>exercitari,</strong></span> <span class='ocrx_word' id='word_1_36' title='bbox 808 592 853 617; x_wconf 92' lang='lat' dir='ltr'><strong>eo</strong></span> <span class='ocrx_word' id='word_1_37' title='bbox 883 577 1144 630; x_wconf 76' lang='lat' dir='ltr'>promptiores</span> <span class='ocrx_word' id='word_1_38' title='bbox 1174 576 1225 616; x_wconf 90' lang='lat' dir='ltr'><strong>ad</strong></span> <span class='ocrx_word' id='word_1_39' title='bbox 1254 576 1441 617; x_wconf 85' lang='lat' dir='ltr'><strong>virtutem</strong></span> <span class='ocrx_word' id='word_1_40' title='bbox 1468 574 1674 615; x_wconf 89' lang='lat' dir='ltr'><strong>colendam</strong></span> <span class='ocrx_word' id='word_1_41' title='bbox 1703 573 1816 615; x_wconf 87' lang='lat' dir='ltr'>reddi</span> <span class='ocrx_word' id='word_1_42' title='bbox 1845 573 2064 628; x_wconf 80' lang='lat' dir='ltr'><strong>oportebat.</strong></span> 
     </span>
     <span class='ocr_line' id='line_1_6' title="bbox 329 640 2065 698; baseline -0.003 -13"><span class='ocrx_word' id='word_1_43' title='bbox 329 645 391 685; x_wconf 87' lang='lat' dir='ltr'><strong>Ac</strong></span> <span class='ocrx_word' id='word_1_44' title='bbox 425 646 599 698; x_wconf 86' lang='lat' dir='ltr'><strong>profecto</strong></span> <span class='ocrx_word' id='word_1_45' title='bbox 639 643 847 684; x_wconf 88' lang='lat' dir='ltr'><strong>ostendunt</strong></span> <span class='ocrx_word' id='word_1_46' title='bbox 884 643 974 681; x_wconf 90' lang='lat' dir='ltr'><strong>illae</strong></span> <span class='ocrx_word' id='word_1_47' title='bbox 1004 642 1163 694; x_wconf 90' lang='lat' dir='ltr'><strong>quidcm</strong></span> <span class='ocrx_word' id='word_1_48' title='bbox 1191 655 1387 694; x_wconf 82' lang='lat' dir='ltr'><strong>nusquam</strong></span> <span class='ocrx_word' id='word_1_49' title='bbox 1415 640 1720 694; x_wconf 83' lang='lat' dir='ltr'><strong>vituperandum</strong></span> <span class='ocrx_word' id='word_1_50' title='bbox 1750 640 1947 693; x_wconf 77' lang='lat' dir='ltr'><strong>quoddam</strong></span> <span class='ocrx_word' id='word_1_51' title='bbox 1985 644 2065 679; x_wconf 91' lang='lat' dir='ltr'><strong>stu-</strong></span> 
     </span>
     <span class='ocr_line' id='line_1_7' title="bbox 337 706 2065 761; baseline -0.003 -11"><span class='ocrx_word' id='word_1_52' title='bbox 337 711 445 750; x_wconf 89' lang='lat' dir='ltr'><strong>dium</strong></span> <span class='ocrx_word' id='word_1_53' title='bbox 473 711 514 750; x_wconf 94' lang='lat' dir='ltr'><strong>in</strong></span> <span class='ocrx_word' id='word_1_54' title='bbox 544 710 628 750; x_wconf 90' lang='lat' dir='ltr'><strong>aliis</strong></span> <span class='ocrx_word' id='word_1_55' title='bbox 655 708 853 761; x_wconf 86' lang='lat' dir='ltr'><strong>quaelibet</strong></span> <span class='ocrx_word' id='word_1_56' title='bbox 881 707 1125 747; x_wconf 88' lang='lat' dir='ltr'><strong>clandestina</strong></span> <span class='ocrx_word' id='word_1_57' title='bbox 1152 707 1247 747; x_wconf 80' lang='lat' dir='ltr'><strong>vitia</strong></span> <span class='ocrx_word' id='word_1_58' title='bbox 1271 707 1493 760; x_wconf 89' lang='lat' dir='ltr'><strong>reperiendi</strong></span> <span class='ocrx_word' id='word_1_59' title='bbox 1514 712 1554 747; x_wconf 88' lang='lat' dir='ltr'><strong>et</strong></span> <span class='ocrx_word' id='word_1_60' title='bbox 1574 720 1664 746; x_wconf 91' lang='lat' dir='ltr'><strong>cum</strong></span> <span class='ocrx_word' id='word_1_61' title='bbox 1682 707 1808 747; x_wconf 91' lang='lat' dir='ltr'><strong>ironia</strong></span> <span class='ocrx_word' id='word_1_62' title='bbox 1829 711 1869 747; x_wconf 89' lang='lat' dir='ltr'><strong>et</strong></span> <span class='ocrx_word' id='word_1_63' title='bbox 1887 706 2065 746; x_wconf 82' lang='lat' dir='ltr'><strong>irrisione</strong></span> 
     </span>
     <span class='ocr_line' id='line_1_8' title="bbox 329 771 2066 826; baseline -0.001 -12"><span class='ocrx_word' id='word_1_64' title='bbox 329 776 502 826; x_wconf 88' lang='lat' dir='ltr'><strong>maligne</strong></span> <span class='ocrx_word' id='word_1_65' title='bbox 531 773 751 823; x_wconf 89' lang='lat' dir='ltr'><strong>denotandi,</strong></span> <span class='ocrx_word' id='word_1_66' title='bbox 781 786 858 824; x_wconf 91' lang='lat' dir='ltr'><strong>quo</strong></span> <span class='ocrx_word' id='word_1_67' title='bbox 887 772 1037 812; x_wconf 83' lang='lat' dir='ltr'><strong>factum</strong></span> <span class='ocrx_word' id='word_1_68' title='bbox 1067 776 1184 823; x_wconf 90' lang='lat' dir='ltr'><strong>esset,</strong></span> <span class='ocrx_word' id='word_1_69' title='bbox 1221 777 1266 812; x_wconf 92' lang='lat' dir='ltr'><strong>ut</strong></span> <span class='ocrx_word' id='word_1_70' title='bbox 1305 773 1448 812; x_wconf 85' lang='lat' dir='ltr'><strong>civium</strong></span> <span class='ocrx_word' id='word_1_71' title='bbox 1487 773 1537 812; x_wconf 91' lang='lat' dir='ltr'><strong>de</strong></span> <span class='ocrx_word' id='word_1_72' title='bbox 1576 773 1653 812; x_wconf 90' lang='lat' dir='ltr'><strong>illis</strong></span> <span class='ocrx_word' id='word_1_73' title='bbox 1691 772 1795 812; x_wconf 90' lang='lat' dir='ltr'><strong>bona</strong></span> <span class='ocrx_word' id='word_1_74' title='bbox 1827 771 2066 812; x_wconf 83' lang='lat' dir='ltr'><strong>existimatio</strong></span> 
     </span>
     <span class='ocr_line' id='line_1_9' title="bbox 329 837 2067 891; baseline -0.002 -12"><span class='ocrx_word' id='word_1_75' title='bbox 329 840 624 878; x_wconf 88' lang='lat' dir='ltr'><strong>imminueretur</strong></span> <span class='ocrx_word' id='word_1_76' title='bbox 652 837 891 889; x_wconf 86' lang='lat' dir='ltr'><strong>infamiaque</strong></span> <span class='ocrx_word' id='word_1_77' title='bbox 921 850 1058 876; x_wconf 88' lang='lat' dir='ltr'><strong>eorum</strong></span> <span class='ocrx_word' id='word_1_78' title='bbox 1087 850 1232 876; x_wconf 89' lang='lat' dir='ltr'><strong>nomen</strong></span> <span class='ocrx_word' id='word_1_79' title='bbox 1262 837 1580 891; x_wconf 86' lang='lat' dir='ltr'><strong>adspergeretur,</strong></span> <span class='ocrx_word' id='word_1_80' title='bbox 1609 838 1680 877; x_wconf 89' lang='lat' dir='ltr'><strong>sed</strong></span> <span class='ocrx_word' id='word_1_81' title='bbox 1701 842 1804 889; x_wconf 90' lang='lat' dir='ltr'><strong>sunt,</strong></span> <span class='ocrx_word' id='word_1_82' title='bbox 1833 842 1877 876; x_wconf 95' lang='lat' dir='ltr'><strong>ut</strong></span> <span class='ocrx_word' id='word_1_83' title='bbox 1895 850 1966 876; x_wconf 89' lang='lat' dir='ltr'><strong>nos</strong></span> <span class='ocrx_word' id='word_1_84' title='bbox 1984 837 2067 876; x_wconf 86' lang='lat' dir='ltr'><strong>fere</strong></span> 
     </span>
     <span class='ocr_line' id='line_1_10' title="bbox 329 903 2067 955; baseline -0.001 -13"><span class='ocrx_word' id='word_1_85' title='bbox 329 905 504 953; x_wconf 87' lang='lat' dir='ltr'><strong>dicimus,</strong></span> <span class='ocrx_word' id='word_1_86' title='bbox 529 905 665 955; x_wconf 89' lang='lat' dir='ltr'><strong>jocose</strong></span> <span class='ocrx_word' id='word_1_87' title='bbox 695 907 735 941; x_wconf 91' lang='lat' dir='ltr'><strong>et</strong></span> <span class='ocrx_word' id='word_1_88' title='bbox 763 903 917 954; x_wconf 84' lang='lat' dir='ltr'><strong>placide</strong></span> <span class='ocrx_word' id='word_1_89' title='bbox 947 903 1167 954; x_wconf 84' lang='lat' dir='ltr'><strong>descriptae</strong></span> <span class='ocrx_word' id='word_1_90' title='bbox 1196 903 1301 942; x_wconf 91' lang='lat' dir='ltr'><strong>vitae</strong></span> <span class='ocrx_word' id='word_1_91' title='bbox 1329 904 1537 955; x_wconf 78' lang='lat' dir='ltr'><strong>imagines,</strong></span> <span class='ocrx_word' id='word_1_92' title='bbox 1566 903 1618 943; x_wconf 88' lang='lat' dir='ltr'><strong>ad</strong></span> <span class='ocrx_word' id='word_1_93' title='bbox 1647 916 1902 955; x_wconf 90' lang='lat' dir='ltr'><strong>quoscunque</strong></span> <span class='ocrx_word' id='word_1_94' title='bbox 1931 903 2067 942; x_wconf 91' lang='lat' dir='ltr'><strong>adum-</strong></span> 
     </span>
     <span class='ocr_line' id='line_1_11' title="bbox 330 966 2068 1021; baseline -0.001 -12"><span class='ocrx_word' id='word_1_95' title='bbox 330 969 463 1009; x_wconf 84' lang='lat' dir='ltr'><strong>bratae</strong></span> <span class='ocrx_word' id='word_1_96' title='bbox 493 972 594 1019; x_wconf 88' lang='lat' dir='ltr'><strong>sunt,</strong></span> <span class='ocrx_word' id='word_1_97' title='bbox 625 966 875 1020; x_wconf 88' lang='lat' dir='ltr'><strong>speculorum</strong></span> <span class='ocrx_word' id='word_1_98' title='bbox 903 967 1040 1019; x_wconf 89' lang='lat' dir='ltr'><strong>instar,</strong></span> <span class='ocrx_word' id='word_1_99' title='bbox 1071 979 1173 1020; x_wconf 89' lang='lat' dir='ltr'><strong>quae</strong></span> <span class='ocrx_word' id='word_1_100' title='bbox 1202 967 1359 1008; x_wconf 86' lang='lat' dir='ltr'><strong>intuens</strong></span> <span class='ocrx_word' id='word_1_101' title='bbox 1389 981 1432 1008; x_wconf 88' lang='lat' dir='ltr'><strong>se</strong></span> <span class='ocrx_word' id='word_1_102' title='bbox 1460 967 1593 1021; x_wconf 89' lang='lat' dir='ltr'><strong>ipsum</strong></span> <span class='ocrx_word' id='word_1_103' title='bbox 1619 967 1694 1007; x_wconf 92' lang='lat' dir='ltr'><strong>sibi</strong></span> <span class='ocrx_word' id='word_1_104' title='bbox 1723 967 1890 1021; x_wconf 89' lang='lat' dir='ltr'><strong>quisque</strong></span> <span class='ocrx_word' id='word_1_105' title='bbox 1925 979 2068 1020; x_wconf 87' lang='lat' dir='ltr'><strong>cogno-</strong></span> 
     </span>
     <span class='ocr_line' id='line_1_12' title="bbox 330 1032 2068 1083; baseline -0.001 -11"><span class='ocrx_word' id='word_1_106' title='bbox 330 1046 437 1072; x_wconf 85' lang='lat' dir='ltr'><strong>scere</strong></span> <span class='ocrx_word' id='word_1_107' title='bbox 458 1033 635 1071; x_wconf 86' lang='lat' dir='ltr'><strong>videatur</strong></span> <span class='ocrx_word' id='word_1_108' title='bbox 656 1033 901 1083; x_wconf 90' lang='lat' dir='ltr'><strong>maculisque</strong></span> <span class='ocrx_word' id='word_1_109' title='bbox 929 1032 1162 1071; x_wconf 85' lang='lat' dir='ltr'><strong>offendatur.</strong></span> <span class='ocrx_word' id='word_1_110' title='bbox 1210 1033 1325 1076; x_wconf 86' lang='lat' dir='ltr'><strong>Quod</strong></span> <span class='ocrx_word' id='word_1_111' title='bbox 1354 1046 1476 1083; x_wconf 90' lang='lat' dir='ltr'><strong>quum</strong></span> <span class='ocrx_word' id='word_1_112' title='bbox 1503 1045 1643 1071; x_wconf 87' lang='lat' dir='ltr'><strong>verum</strong></span> <span class='ocrx_word' id='word_1_113' title='bbox 1672 1033 1735 1082; x_wconf 92' lang='lat' dir='ltr'><strong>sit,</strong></span> <span class='ocrx_word' id='word_1_114' title='bbox 1763 1033 1946 1071; x_wconf 90' lang='lat' dir='ltr'><strong>laudibus</strong></span> <span class='ocrx_word' id='word_1_115' title='bbox 1975 1033 2068 1071; x_wconf 83' lang='lat' dir='ltr'><strong>effe-</strong></span> 
     </span>
     <span class='ocr_line' id='line_1_13' title="bbox 333 1095 2069 1151; baseline -0.001 -13"><span class='ocrx_word' id='word_1_116' title='bbox 333 1098 477 1138; x_wconf 84' lang='lat' dir='ltr'><strong>rendus</strong></span> <span class='ocrx_word' id='word_1_117' title='bbox 499 1102 560 1138; x_wconf 89' lang='lat' dir='ltr'><strong>est</strong></span> <span class='ocrx_word' id='word_1_118' title='bbox 584 1101 717 1151; x_wconf 90' lang='lat' dir='ltr'><strong>poeta,</strong></span> <span class='ocrx_word' id='word_1_119' title='bbox 747 1097 854 1150; x_wconf 90' lang='lat' dir='ltr'><strong>quod</strong></span> <span class='ocrx_word' id='word_1_120' title='bbox 873 1101 955 1137; x_wconf 89' lang='lat' dir='ltr'><strong>tam</strong></span> <span class='ocrx_word' id='word_1_121' title='bbox 975 1096 1186 1150; x_wconf 82' lang='lat' dir='ltr'><strong>diligenter</strong></span> <span class='ocrx_word' id='word_1_122' title='bbox 1214 1097 1256 1137; x_wconf 92' lang='lat' dir='ltr'><strong>in</strong></span> <span class='ocrx_word' id='word_1_123' title='bbox 1274 1110 1387 1137; x_wconf 85' lang='lat' dir='ltr'><strong>suam</strong></span> <span class='ocrx_word' id='word_1_124' title='bbox 1407 1096 1531 1150; x_wconf 90' lang='lat' dir='ltr'><strong>ipsius</strong></span> <span class='ocrx_word' id='word_1_125' title='bbox 1551 1095 1868 1136; x_wconf 86' lang='lat' dir='ltr'><strong>emendationem</strong></span> <span class='ocrx_word' id='word_1_126' title='bbox 1887 1096 2069 1137; x_wconf 89' lang='lat' dir='ltr'><strong>aliorum-</strong></span> 
     </span>
     <span class='ocr_line' id='line_1_14' title="bbox 333 1163 2071 1216; baseline -0.001 -14"><span class='ocrx_word' id='word_1_127' title='bbox 333 1177 408 1216; x_wconf 88' lang='lat' dir='ltr'><strong>que</strong></span> <span class='ocrx_word' id='word_1_128' title='bbox 436 1177 564 1202; x_wconf 88' lang='lat' dir='ltr'><strong>mores</strong></span> <span class='ocrx_word' id='word_1_129' title='bbox 596 1164 868 1202; x_wconf 87' lang='lat' dir='ltr'><strong>Romanorum</strong></span> <span class='ocrx_word' id='word_1_130' title='bbox 897 1163 1188 1212; x_wconf 85' lang='lat' dir='ltr'><strong>animadvertit,</strong></span> <span class='ocrx_word' id='word_1_131' title='bbox 1224 1169 1263 1201; x_wconf 87' lang='lat' dir='ltr'><strong>et</strong></span> <span class='ocrx_word' id='word_1_132' title='bbox 1292 1163 1325 1200; x_wconf 87' lang='lat' dir='ltr'><strong>si</strong></span> <span class='ocrx_word' id='word_1_133' title='bbox 1354 1164 1402 1213; x_wconf 91' lang='lat' dir='ltr'><strong>ei,</strong></span> <span class='ocrx_word' id='word_1_134' title='bbox 1441 1163 1535 1214; x_wconf 86' lang='lat' dir='ltr'><strong>quia</strong></span> <span class='ocrx_word' id='word_1_135' title='bbox 1569 1163 1687 1201; x_wconf 91' lang='lat' dir='ltr'><strong>homo</strong></span> <span class='ocrx_word' id='word_1_136' title='bbox 1725 1167 1831 1212; x_wconf 89' lang='lat' dir='ltr'><strong>erat,</strong></span> <span class='ocrx_word' id='word_1_137' title='bbox 1869 1163 1937 1213; x_wconf 89' lang='lat' dir='ltr'><strong>qui</strong></span> <span class='ocrx_word' id='word_1_138' title='bbox 1974 1163 2071 1202; x_wconf 80' lang='lat' dir='ltr'><strong>nihil</strong></span> 
     </span>
     <span class='ocr_line' id='line_1_15' title="bbox 328 1227 2071 1280; baseline 0.001 -12"><span class='ocrx_word' id='word_1_139' title='bbox 328 1230 541 1268; x_wconf 90' lang='lat' dir='ltr'><strong>humanum</strong></span> <span class='ocrx_word' id='word_1_140' title='bbox 571 1243 595 1268; x_wconf 87' lang='lat' dir='ltr'><strong>a</strong></span> <span class='ocrx_word' id='word_1_141' title='bbox 624 1243 667 1268; x_wconf 90' lang='lat' dir='ltr'><strong>se</strong></span> <span class='ocrx_word' id='word_1_142' title='bbox 697 1229 871 1268; x_wconf 87' lang='lat' dir='ltr'><strong>alienum</strong></span> <span class='ocrx_word' id='word_1_143' title='bbox 901 1233 1071 1280; x_wconf 86' lang='lat' dir='ltr'><strong>putaret,</strong></span> <span class='ocrx_word' id='word_1_144' title='bbox 1100 1228 1299 1269; x_wconf 89' lang='lat' dir='ltr'><strong>interdum</strong></span> <span class='ocrx_word' id='word_1_145' title='bbox 1318 1228 1480 1268; x_wconf 91' lang='lat' dir='ltr'><strong>humani</strong></span> <span class='ocrx_word' id='word_1_146' title='bbox 1501 1227 1650 1280; x_wconf 90' lang='lat' dir='ltr'><strong>aliquid</strong></span> <span class='ocrx_word' id='word_1_147' title='bbox 1667 1227 1821 1279; x_wconf 87' lang='lat' dir='ltr'><strong>accidit,</strong></span> <span class='ocrx_word' id='word_1_148' title='bbox 1850 1233 1895 1268; x_wconf 86' lang='lat' dir='ltr'><strong>ut</strong></span> <span class='ocrx_word' id='word_1_149' title='bbox 1918 1242 2071 1269; x_wconf 88' lang='lat' dir='ltr'><strong>summa</strong></span> 
     </span>
     <span class='ocr_line' id='line_1_16' title="bbox 330 1292 2070 1347; baseline -0.001 -13"><span class='ocrx_word' id='word_1_150' title='bbox 330 1294 598 1347; x_wconf 89' lang='lat' dir='ltr'><strong>indignatione</strong></span> <span class='ocrx_word' id='word_1_151' title='bbox 628 1307 817 1334; x_wconf 90' lang='lat' dir='ltr'><strong>accensus</strong></span> <span class='ocrx_word' id='word_1_152' title='bbox 847 1298 916 1333; x_wconf 88' lang='lat' dir='ltr'><strong>aut</strong></span> <span class='ocrx_word' id='word_1_153' title='bbox 939 1294 1106 1346; x_wconf 86' lang='lat' dir='ltr'><strong>juvenili</strong></span> <span class='ocrx_word' id='word_1_154' title='bbox 1135 1294 1356 1347; x_wconf 88' lang='lat' dir='ltr'><strong>petulantia</strong></span> <span class='ocrx_word' id='word_1_155' title='bbox 1386 1293 1611 1346; x_wconf 83' lang='lat' dir='ltr'><strong>exagitatus</strong></span> <span class='ocrx_word' id='word_1_156' title='bbox 1643 1292 1922 1333; x_wconf 87' lang='lat' dir='ltr'><strong>verecundiam</strong></span> <span class='ocrx_word' id='word_1_157' title='bbox 1951 1294 2070 1333; x_wconf 90' lang='lat' dir='ltr'><strong>lecto-</strong></span> 
     </span>
     <span class='ocr_line' id='line_1_17' title="bbox 326 1360 2071 1411; baseline 0.001 -14"><span class='ocrx_word' id='word_1_158' title='bbox 326 1373 412 1398; x_wconf 92' lang='lat' dir='ltr'><strong>rum</strong></span> <span class='ocrx_word' id='word_1_159' title='bbox 442 1360 627 1410; x_wconf 84' lang='lat' dir='ltr'><strong>offendat,</strong></span> <span class='ocrx_word' id='word_1_160' title='bbox 651 1363 685 1410; x_wconf 71' lang='lat'><strong>8)</strong></span> <span class='ocrx_word' id='word_1_161' title='bbox 715 1360 756 1398; x_wconf 88' lang='lat' dir='ltr'><strong>id</strong></span> <span class='ocrx_word' id='word_1_162' title='bbox 785 1360 949 1411; x_wconf 84' lang='lat' dir='ltr'><strong>probato</strong></span> <span class='ocrx_word' id='word_1_163' title='bbox 979 1362 1065 1411; x_wconf 91' lang='lat' dir='ltr'><strong>ejus</strong></span> <span class='ocrx_word' id='word_1_164' title='bbox 1096 1361 1256 1398; x_wconf 90' lang='lat' dir='ltr'><strong>consilio</strong></span> <span class='ocrx_word' id='word_1_165' title='bbox 1287 1360 1565 1410; x_wconf 90' lang='lat' dir='ltr'><strong>condonemus,</strong></span> <span class='ocrx_word' id='word_1_166' title='bbox 1596 1360 1701 1411; x_wconf 92' lang='lat' dir='ltr'><strong>quod</strong></span> <span class='ocrx_word' id='word_1_167' title='bbox 1730 1372 1924 1411; x_wconf 87' lang='lat' dir='ltr'><strong>nusquam</strong></span> <span class='ocrx_word' id='word_1_168' title='bbox 1949 1361 1989 1398; x_wconf 93' lang='lat' dir='ltr'><strong>in</strong></span> <span class='ocrx_word' id='word_1_169' title='bbox 2010 1374 2071 1399; x_wconf 89' lang='lat' dir='ltr'><strong>sa-</strong></span> 
     </span>
     <span class='ocr_line' id='line_1_18' title="bbox 327 1424 898 1477; baseline -0.002 -13"><span class='ocrx_word' id='word_1_170' title='bbox 327 1424 409 1464; x_wconf 91' lang='lat' dir='ltr'><strong>tiris</strong></span> <span class='ocrx_word' id='word_1_171' title='bbox 440 1425 525 1476; x_wconf 89' lang='lat' dir='ltr'><strong>ejus</strong></span> <span class='ocrx_word' id='word_1_172' title='bbox 554 1424 728 1477; x_wconf 88' lang='lat' dir='ltr'><strong>ignorari</strong></span> <span class='ocrx_word' id='word_1_173' title='bbox 757 1428 898 1477; x_wconf 90' lang='lat' dir='ltr'><strong>potest.</strong></span> 
     </span>
    </p>

    <p class='ocr_par' dir='ltr' id='par_1_3' title="bbox 326 1490 2073 2001">
     <span class='ocr_line' id='line_1_19' title="bbox 434 1490 2072 1542; baseline 0.001 -14"><span class='ocrx_word' id='word_1_174' title='bbox 434 1490 654 1529; x_wconf 89' lang='lat' dir='ltr'><strong>Videamus</strong></span> <span class='ocrx_word' id='word_1_175' title='bbox 679 1491 776 1542; x_wconf 88' lang='lat' dir='ltr'><strong>jam,</strong></span> <span class='ocrx_word' id='word_1_176' title='bbox 807 1490 902 1541; x_wconf 93' lang='lat' dir='ltr'><strong>quid</strong></span> <span class='ocrx_word' id='word_1_177' title='bbox 931 1490 980 1528; x_wconf 92' lang='lat' dir='ltr'><strong>de</strong></span> <span class='ocrx_word' id='word_1_178' title='bbox 1010 1490 1095 1528; x_wconf 91' lang='lat' dir='ltr'><strong>odis</strong></span> <span class='ocrx_word' id='word_1_179' title='bbox 1125 1495 1165 1529; x_wconf 88' lang='lat' dir='ltr'><strong>et</strong></span> <span class='ocrx_word' id='word_1_180' title='bbox 1193 1491 1380 1542; x_wconf 88' lang='lat' dir='ltr'><strong>epistolis,</strong></span> <span class='ocrx_word' id='word_1_181' title='bbox 1412 1490 1540 1541; x_wconf 88' lang='lat' dir='ltr'><strong>quoad</strong></span> <span class='ocrx_word' id='word_1_182' title='bbox 1568 1490 1660 1529; x_wconf 89' lang='lat' dir='ltr'><strong>illae</strong></span> <span class='ocrx_word' id='word_1_183' title='bbox 1689 1504 1768 1529; x_wconf 91' lang='lat' dir='ltr'><strong>non</strong></span> <span class='ocrx_word' id='word_1_184' title='bbox 1797 1503 1848 1529; x_wconf 83' lang='lat' dir='ltr'><strong>ex</strong></span> <span class='ocrx_word' id='word_1_185' title='bbox 1872 1490 2072 1529; x_wconf 84' lang='lat' dir='ltr'><strong>amatoriis</strong></span> 
     </span>
     <span class='ocr_line' id='line_1_20' title="bbox 328 1554 2069 1607; baseline 0 -14"><span class='ocrx_word' id='word_1_186' title='bbox 328 1556 412 1607; x_wconf 86' lang='lat' dir='ltr'><strong>ejus</strong></span> <span class='ocrx_word' id='word_1_187' title='bbox 442 1555 683 1595; x_wconf 83' lang='lat' dir='ltr'><strong>carminibus</strong></span> <span class='ocrx_word' id='word_1_188' title='bbox 720 1558 834 1604; x_wconf 89' lang='lat' dir='ltr'><strong>sunt,</strong></span> <span class='ocrx_word' id='word_1_189' title='bbox 868 1554 1128 1606; x_wconf 88' lang='lat' dir='ltr'><strong>judicandum</strong></span> <span class='ocrx_word' id='word_1_190' title='bbox 1157 1554 1219 1594; x_wconf 89' lang='lat' dir='ltr'><strong>sit.</strong></span> <span class='ocrx_word' id='word_1_191' title='bbox 1274 1554 1410 1607; x_wconf 87' lang='lat' dir='ltr'><strong>Atque.</strong></span> <span class='ocrx_word' id='word_1_192' title='bbox 1447 1554 1522 1593; x_wconf 90' lang='lat' dir='ltr'><strong>hoc</strong></span> <span class='ocrx_word' id='word_1_193' title='bbox 1554 1556 1640 1607; x_wconf 87' lang='lat' dir='ltr'><strong>jam</strong></span> <span class='ocrx_word' id='word_1_194' title='bbox 1669 1567 1865 1593; x_wconf 87' lang='lat' dir='ltr'><strong>summam</strong></span> <span class='ocrx_word' id='word_1_195' title='bbox 1893 1558 2069 1593; x_wconf 89' lang='lat' dir='ltr'><strong>nostram</strong></span> 
     </span>
     <span class='ocr_line' id='line_1_21' title="bbox 326 1620 2072 1673; baseline -0.001 -13"><span class='ocrx_word' id='word_1_196' title='bbox 326 1621 497 1673; x_wconf 89' lang='lat' dir='ltr'><strong>gratiam</strong></span> <span class='ocrx_word' id='word_1_197' title='bbox 525 1621 573 1659; x_wconf 91' lang='lat' dir='ltr'><strong>iis</strong></span> <span class='ocrx_word' id='word_1_198' title='bbox 604 1620 811 1660; x_wconf 90' lang='lat' dir='ltr'><strong>conciliare</strong></span> <span class='ocrx_word' id='word_1_199' title='bbox 840 1624 1012 1673; x_wconf 87' lang='lat' dir='ltr'><strong>oportet,</strong></span> <span class='ocrx_word' id='word_1_200' title='bbox 1052 1620 1158 1671; x_wconf 92' lang='lat' dir='ltr'><strong>quod</strong></span> <span class='ocrx_word' id='word_1_201' title='bbox 1186 1620 1269 1659; x_wconf 90' lang='lat' dir='ltr'><strong>sine</strong></span> <span class='ocrx_word' id='word_1_202' title='bbox 1300 1620 1543 1659; x_wconf 89' lang='lat' dir='ltr'><strong>dubitatione</strong></span> <span class='ocrx_word' id='word_1_203' title='bbox 1587 1633 1744 1672; x_wconf 89' lang='lat' dir='ltr'><strong>semper</strong></span> <span class='ocrx_word' id='word_1_204' title='bbox 1773 1620 1974 1673; x_wconf 88' lang='lat' dir='ltr'><strong>discipulis</strong></span> <span class='ocrx_word' id='word_1_205' title='bbox 2007 1620 2072 1671; x_wconf 88' lang='lat' dir='ltr'><strong>ju-</strong></span> 
     </span>
     <span class='ocr_line' id='line_1_22' title="bbox 326 1686 2073 1739; baseline -0.001 -14"><span class='ocrx_word' id='word_1_206' title='bbox 326 1687 491 1726; x_wconf 89' lang='lat' dir='ltr'><strong>venibus</strong></span> <span class='ocrx_word' id='word_1_207' title='bbox 521 1700 544 1725; x_wconf 93' lang='lat' dir='ltr'><strong>a</strong></span> <span class='ocrx_word' id='word_1_208' title='bbox 572 1686 896 1739; x_wconf 85' lang='lat' dir='ltr'><strong>praeceptoribus</strong></span> <span class='ocrx_word' id='word_1_209' title='bbox 924 1686 1091 1725; x_wconf 88' lang='lat' dir='ltr'><strong>traditae</strong></span> <span class='ocrx_word' id='word_1_210' title='bbox 1122 1691 1162 1725; x_wconf 91' lang='lat' dir='ltr'><strong>et</strong></span> <span class='ocrx_word' id='word_1_211' title='bbox 1186 1686 1407 1739; x_wconf 85' lang='lat' dir='ltr'><strong>explicatae</strong></span> <span class='ocrx_word' id='word_1_212' title='bbox 1427 1690 1530 1737; x_wconf 88' lang='lat' dir='ltr'><strong>sunt,</strong></span> <span class='ocrx_word' id='word_1_213' title='bbox 1560 1699 1681 1738; x_wconf 91' lang='lat' dir='ltr'><strong>quum</strong></span> <span class='ocrx_word' id='word_1_214' title='bbox 1704 1686 1864 1738; x_wconf 92' lang='lat' dir='ltr'><strong>quidem</strong></span> <span class='ocrx_word' id='word_1_215' title='bbox 1883 1686 2073 1725; x_wconf 90' lang='lat' dir='ltr'><strong>bonorum</strong></span> 
     </span>
     <span class='ocr_line' id='line_1_23' title="bbox 327 1751 2073 1805; baseline -0.001 -14"><span class='ocrx_word' id='word_1_216' title='bbox 327 1752 585 1793; x_wconf 90' lang='lat' dir='ltr'><strong>educatorum</strong></span> <span class='ocrx_word' id='word_1_217' title='bbox 612 1766 689 1792; x_wconf 92' lang='lat' dir='ltr'><strong>non</strong></span> <span class='ocrx_word' id='word_1_218' title='bbox 717 1765 804 1792; x_wconf 90' lang='lat' dir='ltr'><strong>csse</strong></span> <span class='ocrx_word' id='word_1_219' title='bbox 834 1751 997 1802; x_wconf 88' lang='lat' dir='ltr'><strong>debeat,</strong></span> <span class='ocrx_word' id='word_1_220' title='bbox 1039 1752 1205 1805; x_wconf 90' lang='lat' dir='ltr'><strong>scripta,</strong></span> <span class='ocrx_word' id='word_1_221' title='bbox 1243 1765 1345 1805; x_wconf 89' lang='lat' dir='ltr'><strong>quae</strong></span> <span class='ocrx_word' id='word_1_222' title='bbox 1377 1752 1653 1792; x_wconf 88' lang='lat' dir='ltr'><strong>verecundiam</strong></span> <span class='ocrx_word' id='word_1_223' title='bbox 1683 1752 1862 1803; x_wconf 87' lang='lat' dir='ltr'><strong>laedant,</strong></span> <span class='ocrx_word' id='word_1_224' title='bbox 1906 1752 2073 1792; x_wconf 87' lang='lat' dir='ltr'><strong>alumnis</strong></span> 
     </span>
     <span class='ocr_line' id='line_1_24' title="bbox 329 1817 2073 1870; baseline 0 -14"><span class='ocrx_word' id='word_1_225' title='bbox 329 1820 409 1857; x_wconf 92' lang='lat' dir='ltr'><strong>suis</strong></span> <span class='ocrx_word' id='word_1_226' title='bbox 449 1818 617 1857; x_wconf 86' lang='lat' dir='ltr'><strong>tradere.</strong></span> <span class='ocrx_word' id='word_1_227' title='bbox 673 1817 799 1857; x_wconf 90' lang='lat' dir='ltr'><strong>Inerit</strong></span> <span class='ocrx_word' id='word_1_228' title='bbox 838 1823 969 1857; x_wconf 90' lang='lat' dir='ltr'><strong>autem</strong></span> <span class='ocrx_word' id='word_1_229' title='bbox 1009 1820 1114 1857; x_wconf 91' lang='lat' dir='ltr'><strong>omni</strong></span> <span class='ocrx_word' id='word_1_230' title='bbox 1153 1819 1317 1857; x_wconf 86' lang='lat' dir='ltr'><strong>carmini</strong></span> <span class='ocrx_word' id='word_1_231' title='bbox 1356 1819 1526 1870; x_wconf 87' lang='lat' dir='ltr'><strong>aliquid,</strong></span> <span class='ocrx_word' id='word_1_232' title='bbox 1566 1819 1670 1870; x_wconf 90' lang='lat' dir='ltr'><strong>quod</strong></span> <span class='ocrx_word' id='word_1_233' title='bbox 1710 1819 1759 1857; x_wconf 87' lang='lat' dir='ltr'><strong>ad</strong></span> <span class='ocrx_word' id='word_1_234' title='bbox 1794 1819 1917 1858; x_wconf 85' lang='lat' dir='ltr'><strong>vitam</strong></span> <span class='ocrx_word' id='word_1_235' title='bbox 1955 1823 2073 1869; x_wconf 85' lang='lat' dir='ltr'><strong>atque</strong></span> 
     </span>
     <span class='ocr_line' id='line_1_25' title="bbox 328 1884 2073 1936; baseline -0.001 -14"><span class='ocrx_word' id='word_1_236' title='bbox 328 1896 459 1922; x_wconf 91' lang='lat' dir='ltr'><strong>mores</strong></span> <span class='ocrx_word' id='word_1_237' title='bbox 489 1887 663 1935; x_wconf 82' lang='lat' dir='ltr'><strong>spectet,</strong></span> <span class='ocrx_word' id='word_1_238' title='bbox 703 1888 743 1921; x_wconf 91' lang='lat' dir='ltr'><strong>et</strong></span> <span class='ocrx_word' id='word_1_239' title='bbox 779 1884 1002 1934; x_wconf 91' lang='lat' dir='ltr'><strong>quicunque</strong></span> <span class='ocrx_word' id='word_1_240' title='bbox 1032 1884 1171 1922; x_wconf 87' lang='lat' dir='ltr'><strong>modus</strong></span> <span class='ocrx_word' id='word_1_241' title='bbox 1202 1885 1235 1922; x_wconf 92' lang='lat' dir='ltr'><strong>ei</strong></span> <span class='ocrx_word' id='word_1_242' title='bbox 1261 1884 1477 1935; x_wconf 83' lang='lat' dir='ltr'><strong>judicando</strong></span> <span class='ocrx_word' id='word_1_243' title='bbox 1508 1884 1685 1922; x_wconf 87' lang='lat' dir='ltr'><strong>adhiberi</strong></span> <span class='ocrx_word' id='word_1_244' title='bbox 1715 1885 1871 1936; x_wconf 90' lang='lat' dir='ltr'><strong>poterit,</strong></span> <span class='ocrx_word' id='word_1_245' title='bbox 1911 1885 1977 1922; x_wconf 90' lang='lat' dir='ltr'><strong>ille</strong></span> <span class='ocrx_word' id='word_1_246' title='bbox 2006 1884 2073 1921; x_wconf 94' lang='lat' dir='ltr'><strong>ho-</strong></span> 
     </span>
     <span class='ocr_line' id='line_1_26' title="bbox 327 1948 1151 2001; baseline 0.001 -14"><span class='ocrx_word' id='word_1_247' title='bbox 327 1949 492 1988; x_wconf 88' lang='lat' dir='ltr'><strong>nestatis</strong></span> <span class='ocrx_word' id='word_1_248' title='bbox 522 1948 738 1987; x_wconf 85' lang='lat' dir='ltr'><strong>admodum</strong></span> <span class='ocrx_word' id='word_1_249' title='bbox 767 1949 1035 2001; x_wconf 87' lang='lat' dir='ltr'><strong>respiciendus</strong></span> <span class='ocrx_word' id='word_1_250' title='bbox 1066 1950 1151 1989; x_wconf 89' lang='lat' dir='ltr'><strong>erit.</strong></span> 
     </span>
    </p>

    <p class='ocr_par' dir='ltr' id='par_1_4' title="bbox 328 2014 2074 2132">
     <span class='ocr_line' id='line_1_27' title="bbox 438 2014 2074 2068; baseline 0.001 -15"><span class='ocrx_word' id='word_1_251' title='bbox 438 2014 544 2060; x_wconf 88' lang='lat' dir='ltr'><strong>Quid</strong></span> <span class='ocrx_word' id='word_1_252' title='bbox 574 2014 749 2053; x_wconf 90' lang='lat' dir='ltr'><strong>celebrat</strong></span> <span class='ocrx_word' id='word_1_253' title='bbox 776 2014 896 2065; x_wconf 88' lang='lat' dir='ltr'><strong>igitur</strong></span> <span class='ocrx_word' id='word_1_254' title='bbox 925 2014 1115 2054; x_wconf 82' lang='lat' dir='ltr'><strong>Horatius</strong></span> <span class='ocrx_word' id='word_1_255' title='bbox 1155 2016 1196 2054; x_wconf 90' lang='lat' dir='ltr'><strong>in</strong></span> <span class='ocrx_word' id='word_1_256' title='bbox 1232 2015 1317 2054; x_wconf 91' lang='lat' dir='ltr'><strong>odis</strong></span> <span class='ocrx_word' id='word_1_257' title='bbox 1354 2015 1458 2066; x_wconf 89' lang='lat' dir='ltr'><strong>suis,</strong></span> <span class='ocrx_word' id='word_1_258' title='bbox 1497 2015 1592 2067; x_wconf 90' lang='lat' dir='ltr'><strong>quid</strong></span> <span class='ocrx_word' id='word_1_259' title='bbox 1630 2016 1670 2055; x_wconf 90' lang='lat' dir='ltr'><strong>in</strong></span> <span class='ocrx_word' id='word_1_260' title='bbox 1709 2016 1885 2068; x_wconf 86' lang='lat' dir='ltr'><strong>epistolis</strong></span> <span class='ocrx_word' id='word_1_261' title='bbox 1919 2015 1993 2054; x_wconf 92' lang='lat' dir='ltr'><strong>sibi</strong></span> <span class='ocrx_word' id='word_1_262' title='bbox 2023 2015 2074 2054; x_wconf 89' lang='lat' dir='ltr'><strong>ad</strong></span> 
     </span>
     <span class='ocr_line' id='line_1_28' title="bbox 328 2079 844 2132; baseline 0.002 -14"><span class='ocrx_word' id='word_1_263' title='bbox 328 2079 581 2119; x_wconf 91' lang='lat' dir='ltr'><strong>efficiendum</strong></span> <span class='ocrx_word' id='word_1_264' title='bbox 610 2080 844 2132; x_wconf 78' lang='lat' dir='ltr'><strong>proposuit?</strong></span> 
     </span>
    </p>

    <p class='ocr_par' dir='ltr' id='par_1_5' title="bbox 328 2145 2075 2529">
     <span class='ocr_line' id='line_1_29' title="bbox 438 2145 2073 2199; baseline 0.002 -16"><span class='ocrx_word' id='word_1_265' title='bbox 438 2145 601 2184; x_wconf 90' lang='lat' dir='ltr'><strong>Honore</strong></span> <span class='ocrx_word' id='word_1_266' title='bbox 631 2145 708 2184; x_wconf 87' lang='lat' dir='ltr'><strong>illis</strong></span> <span class='ocrx_word' id='word_1_267' title='bbox 737 2145 858 2184; x_wconf 86' lang='lat' dir='ltr'><strong>afficit</strong></span> <span class='ocrx_word' id='word_1_268' title='bbox 886 2146 1049 2185; x_wconf 90' lang='lat' dir='ltr'><strong>numina</strong></span> <span class='ocrx_word' id='word_1_269' title='bbox 1078 2146 1229 2197; x_wconf 89' lang='lat' dir='ltr'><strong>divina,</strong></span> <span class='ocrx_word' id='word_1_270' title='bbox 1268 2146 1460 2186; x_wconf 80' lang='lat' dir='ltr'><strong>auxilium</strong></span> <span class='ocrx_word' id='word_1_271' title='bbox 1499 2151 1614 2199; x_wconf 87' lang='lat' dir='ltr'><strong>rogat</strong></span> <span class='ocrx_word' id='word_1_272' title='bbox 1650 2147 1690 2186; x_wconf 92' lang='lat' dir='ltr'><strong>in</strong></span> <span class='ocrx_word' id='word_1_273' title='bbox 1728 2147 1846 2187; x_wconf 89' lang='lat' dir='ltr'><strong>rebus</strong></span> <span class='ocrx_word' id='word_1_274' title='bbox 1885 2147 2073 2198; x_wconf 88' lang='lat' dir='ltr'><strong>adversis,</strong></span> 
     </span>
     <span class='ocr_line' id='line_1_30' title="bbox 332 2211 2075 2264; baseline 0.001 -15"><span class='ocrx_word' id='word_1_275' title='bbox 332 2212 435 2250; x_wconf 89' lang='lat' dir='ltr'><strong>cives</strong></span> <span class='ocrx_word' id='word_1_276' title='bbox 465 2215 614 2261; x_wconf 88' lang='lat' dir='ltr'><strong>monet,</strong></span> <span class='ocrx_word' id='word_1_277' title='bbox 643 2215 689 2250; x_wconf 90' lang='lat' dir='ltr'><strong>ut</strong></span> <span class='ocrx_word' id='word_1_278' title='bbox 717 2211 866 2263; x_wconf 88' lang='lat' dir='ltr'><strong>templa</strong></span> <span class='ocrx_word' id='word_1_279' title='bbox 895 2224 1031 2250; x_wconf 91' lang='lat' dir='ltr'><strong>eorum</strong></span> <span class='ocrx_word' id='word_1_280' title='bbox 1062 2212 1291 2264; x_wconf 88' lang='lat' dir='ltr'><strong>cultumque</strong></span> <span class='ocrx_word' id='word_1_281' title='bbox 1320 2213 1529 2251; x_wconf 86' lang='lat' dir='ltr'><strong>restituant</strong></span> <span class='ocrx_word' id='word_1_282' title='bbox 1558 2212 1607 2263; x_wconf 91' lang='lat' dir='ltr'><strong>(I.</strong></span> <span class='ocrx_word' id='word_1_283' title='bbox 1638 2214 1711 2264; x_wconf 77' lang='lat'><strong>213</strong></span> <span class='ocrx_word' id='word_1_284' title='bbox 1741 2212 1817 2252; x_wconf 90' lang='lat' dir='ltr'><strong>III.</strong></span> <span class='ocrx_word' id='word_1_285' title='bbox 1848 2214 1925 2264; x_wconf 83' lang='lat'><strong>6.),</strong></span> <span class='ocrx_word' id='word_1_286' title='bbox 1970 2214 2075 2251; x_wconf 89' lang='lat' dir='ltr'><strong>bella</strong></span> 
     </span>
     <span class='ocr_line' id='line_1_31' title="bbox 328 2276 2073 2330; baseline 0.002 -15"><span class='ocrx_word' id='word_1_287' title='bbox 328 2277 456 2316; x_wconf 88' lang='lat' dir='ltr'><strong>civilia</strong></span> <span class='ocrx_word' id='word_1_288' title='bbox 484 2277 677 2329; x_wconf 89' lang='lat' dir='ltr'><strong>deplorat,</strong></span> <span class='ocrx_word' id='word_1_289' title='bbox 708 2276 850 2328; x_wconf 91' lang='lat' dir='ltr'><strong>quibus</strong></span> <span class='ocrx_word' id='word_1_290' title='bbox 871 2281 998 2316; x_wconf 87' lang='lat' dir='ltr'><strong>terrae</strong></span> <span class='ocrx_word' id='word_1_291' title='bbox 1020 2282 1059 2316; x_wconf 92' lang='lat' dir='ltr'><strong>et</strong></span> <span class='ocrx_word' id='word_1_292' title='bbox 1077 2278 1255 2317; x_wconf 86' lang='lat' dir='ltr'><strong>homines</strong></span> <span class='ocrx_word' id='word_1_293' title='bbox 1276 2283 1470 2318; x_wconf 86' lang='lat' dir='ltr'><strong>vexentur</strong></span> <span class='ocrx_word' id='word_1_294' title='bbox 1501 2278 1634 2330; x_wconf 72' lang='lat' dir='ltr'><strong>(epod.</strong></span> <span class='ocrx_word' id='word_1_295' title='bbox 1654 2280 1675 2317; x_wconf 84' lang='lat'>7</span> <span class='ocrx_word' id='word_1_296' title='bbox 1690 2293 1699 2330; x_wconf 81' lang='lat'>3</span> <span class='ocrx_word' id='word_1_297' title='bbox 1735 2281 1782 2317; x_wconf 89' lang='grc'><strong>16</strong></span> <span class='ocrx_word' id='word_1_298' title='bbox 1795 2280 1833 2330; x_wconf 92' lang='lat'><strong>:),</strong></span> <span class='ocrx_word' id='word_1_299' title='bbox 1864 2281 2073 2318; x_wconf 89' lang='lat' dir='ltr'><strong>vehemen-</strong></span> 
     </span>
     <span class='ocr_line' id='line_1_32' title="bbox 328 2343 2073 2398; baseline 0.002 -17"><span class='ocrx_word' id='word_1_300' title='bbox 328 2343 478 2382; x_wconf 89' lang='lat' dir='ltr'><strong>tissime</strong></span> <span class='ocrx_word' id='word_1_301' title='bbox 507 2343 751 2392; x_wconf 88' lang='lat' dir='ltr'><strong>adhortatur,</strong></span> <span class='ocrx_word' id='word_1_302' title='bbox 782 2355 830 2381; x_wconf 89' lang='lat' dir='ltr'><strong>ne</strong></span> <span class='ocrx_word' id='word_1_303' title='bbox 851 2343 939 2393; x_wconf 88' lang='lat' dir='ltr'><strong>quis</strong></span> <span class='ocrx_word' id='word_1_304' title='bbox 968 2357 1015 2382; x_wconf 87' lang='lat' dir='ltr'><strong>ea</strong></span> <span class='ocrx_word' id='word_1_305' title='bbox 1044 2344 1267 2384; x_wconf 82' lang='lat' dir='ltr'><strong>meminerit</strong></span> <span class='ocrx_word' id='word_1_306' title='bbox 1296 2349 1365 2385; x_wconf 87' lang='lat' dir='ltr'><strong>aut</strong></span> <span class='ocrx_word' id='word_1_307' title='bbox 1394 2349 1551 2383; x_wconf 91' lang='lat' dir='ltr'><strong>revocet</strong></span> <span class='ocrx_word' id='word_1_308' title='bbox 1581 2344 1628 2395; x_wconf 89' lang='grc' dir='ltr'><strong>(Ι.</strong></span> <span class='ocrx_word' id='word_1_309' title='bbox 1653 2345 1744 2397; x_wconf 82' lang='grc'>17;)</span> <span class='ocrx_word' id='word_1_310' title='bbox 1774 2359 1938 2385; x_wconf 89' lang='lat' dir='ltr'><strong>munera</strong></span> <span class='ocrx_word' id='word_1_311' title='bbox 1966 2347 2073 2398; x_wconf 89' lang='lat' dir='ltr'><strong>pacis</strong></span> 
     </span>
     <span class='ocr_line' id='line_1_33' title="bbox 329 2408 2075 2462; baseline 0.002 -16"><span class='ocrx_word' id='word_1_312' title='bbox 329 2408 500 2447; x_wconf 88' lang='lat' dir='ltr'><strong>ostendit</strong></span> <span class='ocrx_word' id='word_1_313' title='bbox 529 2421 747 2460; x_wconf 88' lang='lat' dir='ltr'><strong>eorumque</strong></span> <span class='ocrx_word' id='word_1_314' title='bbox 776 2421 904 2457; x_wconf 90' lang='lat' dir='ltr'><strong>usum,</strong></span> <span class='ocrx_word' id='word_1_315' title='bbox 934 2413 1054 2460; x_wconf 91' lang='lat' dir='ltr'><strong>atque</strong></span> <span class='ocrx_word' id='word_1_316' title='bbox 1085 2410 1266 2449; x_wconf 89' lang='lat' dir='ltr'><strong>laudibus</strong></span> <span class='ocrx_word' id='word_1_317' title='bbox 1297 2410 1411 2449; x_wconf 88' lang='lat' dir='ltr'><strong>effert</strong></span> <span class='ocrx_word' id='word_1_318' title='bbox 1439 2411 1615 2460; x_wconf 84' lang='lat' dir='ltr'><strong>missum,</strong></span> <span class='ocrx_word' id='word_1_319' title='bbox 1646 2415 1689 2449; x_wconf 96' lang='lat' dir='ltr'><strong>ut</strong></span> <span class='ocrx_word' id='word_1_320' title='bbox 1717 2416 1946 2462; x_wconf 87' lang='lat' dir='ltr'><strong>auguratur,</strong></span> <span class='ocrx_word' id='word_1_321' title='bbox 1977 2412 2075 2451; x_wconf 89' lang='lat' dir='ltr'><strong>divi-</strong></span> 
     </span>
     <span class='ocr_line' id='line_1_34' title="bbox 330 2473 2074 2529; baseline 0.003 -17"><span class='ocrx_word' id='word_1_322' title='bbox 330 2474 433 2512; x_wconf 90' lang='lat' dir='ltr'><strong>nitus</strong></span> <span class='ocrx_word' id='word_1_323' title='bbox 463 2473 591 2513; x_wconf 90' lang='lat' dir='ltr'><strong>virum</strong></span> <span class='ocrx_word' id='word_1_324' title='bbox 620 2474 852 2527; x_wconf 86' lang='lat' dir='ltr'><strong>principem,</strong></span> <span class='ocrx_word' id='word_1_325' title='bbox 883 2475 950 2525; x_wconf 90' lang='lat' dir='ltr'><strong>qui</strong></span> <span class='ocrx_word' id='word_1_326' title='bbox 980 2489 1027 2516; x_wconf 87' lang='lat' dir='ltr'><strong>ea</strong></span> <span class='ocrx_word' id='word_1_327' title='bbox 1056 2476 1202 2529; x_wconf 93' lang='lat' dir='ltr'><strong>populo</strong></span> <span class='ocrx_word' id='word_1_328' title='bbox 1232 2475 1411 2516; x_wconf 87' lang='lat' dir='ltr'><strong>Romano</strong></span> <span class='ocrx_word' id='word_1_329' title='bbox 1441 2489 1670 2528; x_wconf 87' lang='lat' dir='ltr'><strong>comparare</strong></span> <span class='ocrx_word' id='word_1_330' title='bbox 1701 2480 1740 2516; x_wconf 92' lang='lat' dir='ltr'><strong>et</strong></span> <span class='ocrx_word' id='word_1_331' title='bbox 1766 2477 1889 2529; x_wconf 88' lang='lat' dir='ltr'><strong>possit</strong></span> <span class='ocrx_word' id='word_1_332' title='bbox 1909 2481 1949 2516; x_wconf 91' lang='lat' dir='ltr'><strong>et</strong></span> <span class='ocrx_word' id='word_1_333' title='bbox 1968 2478 2074 2518; x_wconf 86' lang='lat' dir='ltr'><strong>velit.</strong></span> 
     </span>
    </p>

    <p class='ocr_par' dir='ltr' id='par_1_6' title="bbox 331 2540 2075 2660">
     <span class='ocr_line' id='line_1_35' title="bbox 439 2540 2075 2595; baseline 0.004 -19"><span class='ocrx_word' id='word_1_334' title='bbox 439 2540 618 2578; x_wconf 89' lang='lat' dir='ltr'><strong>Fuerunt</strong></span> <span class='ocrx_word' id='word_1_335' title='bbox 657 2540 724 2591; x_wconf 93' lang='lat' dir='ltr'><strong>qui</strong></span> <span class='ocrx_word' id='word_1_336' title='bbox 762 2546 920 2592; x_wconf 86' lang='lat' dir='ltr'><strong>poetam</strong></span> <span class='ocrx_word' id='word_1_337' title='bbox 960 2542 1118 2581; x_wconf 90' lang='lat' dir='ltr'><strong>humilis</strong></span> <span class='ocrx_word' id='word_1_338' title='bbox 1156 2543 1390 2581; x_wconf 85' lang='lat' dir='ltr'><strong>adulationis</strong></span> <span class='ocrx_word' id='word_1_339' title='bbox 1429 2556 1526 2593; x_wconf 88' lang='lat' dir='ltr'><strong>erga</strong></span> <span class='ocrx_word' id='word_1_340' title='bbox 1563 2542 1791 2593; x_wconf 85' lang='lat' dir='ltr'><strong>Augustum</strong></span> <span class='ocrx_word' id='word_1_341' title='bbox 1831 2549 2075 2595; x_wconf 85' lang='lat' dir='ltr'><strong>accusarent,</strong></span> 
     </span>
     <span class='ocr_line' id='line_1_36' title="bbox 331 2604 2075 2660; baseline 0.003 -17"><span class='ocrx_word' id='word_1_342' title='bbox 331 2609 565 2656; x_wconf 85' lang='lat' dir='ltr'><strong>argumento</strong></span> <span class='ocrx_word' id='word_1_343' title='bbox 594 2605 657 2644; x_wconf 90' lang='lat' dir='ltr'><strong>usi</strong></span> <span class='ocrx_word' id='word_1_344' title='bbox 686 2604 760 2645; x_wconf 89' lang='lat' dir='ltr'><strong>Od.</strong></span> <span class='ocrx_word' id='word_1_345' title='bbox 790 2605 822 2645; x_wconf 94' lang='grc' dir='ltr'><strong>Ι.</strong></span> <span class='ocrx_word' id='word_1_346' title='bbox 853 2608 876 2645; x_wconf 88' lang='grc'>2</span> <span class='ocrx_word' id='word_1_347' title='bbox 907 2607 1074 2659; x_wconf 88' lang='lat' dir='ltr'><strong>aliisque</strong></span> <span class='ocrx_word' id='word_1_348' title='bbox 1111 2608 1218 2659; x_wconf 89' lang='lat' dir='ltr'><strong>locis,</strong></span> <span class='ocrx_word' id='word_1_349' title='bbox 1239 2609 1274 2658; x_wconf 78' lang='lat'><strong>9)</strong></span> <span class='ocrx_word' id='word_1_350' title='bbox 1310 2608 1454 2660; x_wconf 91' lang='lat' dir='ltr'><strong>quibus</strong></span> <span class='ocrx_word' id='word_1_351' title='bbox 1484 2609 1592 2660; x_wconf 89' lang='lat' dir='ltr'><strong>pacis</strong></span> <span class='ocrx_word' id='word_1_352' title='bbox 1621 2608 1910 2660; x_wconf 88' lang='lat' dir='ltr'><strong>restitutorem,</strong></span> <span class='ocrx_word' id='word_1_353' title='bbox 1949 2608 2075 2649; x_wconf 80' lang='lat' dir='ltr'><strong>fauto-</strong></span> 
     </span>
    </p>
   </div>
   <div class='ocr_carea' id='block_1_3' title="bbox 375 2731 1153 2829">
    <p class='ocr_par' dir='ltr' id='par_1_7' title="bbox 375 2731 1153 2829">
     <span class='ocr_line' id='line_1_37' title="bbox 376 2731 717 2771; baseline 0.012 -10"><span class='ocrx_word' id='word_1_354' title='bbox 376 2731 403 2771; x_wconf 81' lang='grc'><strong>8)</strong></span> <span class='ocrx_word' id='word_1_355' title='bbox 428 2739 485 2762; x_wconf 63' lang='grc' dir='ltr'><strong>ειιιῐΑΔ</strong></span> <span class='ocrx_word' id='word_1_356' title='bbox 515 2734 534 2765; x_wconf 85' lang='grc' dir='ltr'><strong>Ι,</strong></span> <span class='ocrx_word' id='word_1_357' title='bbox 560 2735 602 2767; x_wconf 81' lang='grc'><strong>8,</strong></span> <span class='ocrx_word' id='word_1_358' title='bbox 630 2734 661 2763; x_wconf 89' lang='grc' dir='ltr'><strong>ΙΙ.</strong></span> <span class='ocrx_word' id='word_1_359' title='bbox 688 2735 717 2765; x_wconf 86' lang='grc'><strong>7.</strong></span> 
     </span>
     <span class='ocr_line' id='line_1_38' title="bbox 375 2784 1153 2829; baseline 0.009 -14"><span class='ocrx_word' id='word_1_360' title='bbox 375 2784 476 2823; x_wconf 82' lang='lat'>⁹)111.</span> <span class='ocrx_word' id='word_1_361' title='bbox 512 2786 567 2825; x_wconf 77' lang='grc'><strong>14,</strong></span> <span class='ocrx_word' id='word_1_362' title='bbox 596 2786 659 2826; x_wconf 80' lang='grc'><strong>25;</strong></span> <span class='ocrx_word' id='word_1_363' title='bbox 686 2788 737 2818; x_wconf 84' lang='lat' dir='ltr'><strong>lV.</strong></span> <span class='ocrx_word' id='word_1_364' title='bbox 765 2788 801 2826; x_wconf 79' lang='lat'><strong>53</strong></span> <span class='ocrx_word' id='word_1_365' title='bbox 831 2786 889 2825; x_wconf 74' lang='lat' dir='ltr'><strong>l4;</strong></span> <span class='ocrx_word' id='word_1_366' title='bbox 919 2789 977 2827; x_wconf 84' lang='lat'><strong>15;</strong></span> <span class='ocrx_word' id='word_1_367' title='bbox 1002 2798 1052 2829; x_wconf 84' lang='lat' dir='ltr'><strong>ep.</strong></span> <span class='ocrx_word' id='word_1_368' title='bbox 1079 2789 1113 2821; x_wconf 87' lang='grc' dir='ltr'><strong>ΙΙ.</strong></span> <span class='ocrx_word' id='word_1_369' title='bbox 1140 2792 1153 2822; x_wconf 94' lang='lat' dir='ltr'><strong>l</strong></span> 
     </span>
    </p>
   </div>
  </div>
 </body>
</html>
