2387 3250
1046 331 1269 341 „„„„„„„„„„„„

281 409 369 460 plus
400 409 560 460 periculi
602 408 783 456 afferunt,
815 420 931 458 quam
970 418 1032 443 res
1061 405 1159 455 ipsa,
1198 408 1237 442 et
1271 403 1401 441 nescio
1439 398 1497 441 an‘
1518 404 1644 455 magis
1674 404 1921 455 probandum
1955 404 2017 453 sit,

281 486 366 514 rem
393 478 563 528 turpem,
595 473 628 512 si
657 470 863 512 tractanda
890 474 962 519 est,
991 481 1061 508 suo
1091 468 1248 507 nomine
1286 468 1501 521 appellare,
1530 467 1634 521 quod
1677 468 1841 521 quisque
1871 467 2017 519 audiat,

282 539 494 591 intelligat,
535 537 840 591 praetermittat,
880 535 955 573 nisi
996 534 1095 572 forte
1134 533 1292 572 omnino
1330 533 1505 572 moribus
1545 539 1751 586 corruptus
1790 539 1862 585 est,
1900 547 2019 585 quam

283 605 414 643 nescio
445 604 585 655 quibus
612 598 1032 651 circumscriptionibus
1054 602 1094 637 et
1118 597 1294 637 honestis
1320 598 1694 651 praescriptionibus
1713 599 1781 650 uti,
1802 613 1853 639 ex
1878 599 2019 652 quibus

284 682 348 708 res
384 681 478 708 vera
515 666 634 707 nihilo
670 665 796 705 secius
826 663 938 716 quasi
966 663 1169 715 perluceat
1197 675 1323 715 eoque
1352 663 1609 716 perniciosius
1637 664 1860 717 perluceat,
1900 677 2020 717 quum

285 733 517 785 inquirendo
547 737 589 770 et
619 729 825 781 cogitando
854 742 965 767 mora
994 732 1035 766 et
1062 728 1135 766 hac
1165 729 1431 780 comprobatio
1459 730 1518 768 rei
1544 730 1658 768 facile
1688 730 1885 781 gignatur.

393 809 483 847 Jam
513 808 544 846 si
573 820 663 846 vero
692 818 820 844 mores
843 808 983 856 poetae
1005 809 1124 857 atque
1144 804 1347 857 ingenium
1373 805 1615 858 respicimus,
1646 820 1745 858 quac
1767 820 1817 845 ex
1837 795 2021 859 operibus

290 874 375 926 ejus
395 872 600 912 manifesta
618 870 716 909 fiunt
736 873 776 909 et
804 869 854 908 ad
883 869 1101 923 legentium
1129 870 1279 909 animos
1299 870 1528 909 nonnullam
1547 870 1627 910 vim
1647 870 1814 911 afferant
1834 871 2021 924 quodam-

285 939 402 978 modo
432 942 595 991 oportet,
624 936 886 975 inconstantia
912 937 997 988 ejus
1026 937 1182 987 amoris,
1226 950 1304 989 qua
1331 936 1447 976 modo
1475 937 1576 976 hanc
1605 938 1788 990 anquirit,
1818 938 1927 977 illam
1954 937 2020 976 dc-

286 1005 390 1055 serit,
413 1003 526 1043 modo
555 1002 776 1056 complures
808 1001 925 1041 simul
951 1002 1091 1042 eodem
1116 1001 1244 1042 studio
1265 1002 1526 1056 prosequitur,
1548 1003 1693 1055 justam
1712 1003 2022 1057 indignationem

286 1070 324 1107 in
353 1068 462 1107 nobis
492 1080 648 1106 movere
677 1066 797 1106 debet
836 1080 964 1119 neque
1002 1068 1086 1106 fieri
1125 1072 1268 1120 potest,
1299 1068 1392 1120 quin
1419 1068 1616 1106 levissimo
1647 1069 1799 1120 cuique,
1829 1069 2021 1120 flagrante

284 1134 453 1184 libidine,
482 1132 522 1172 id
551 1133 681 1185 ipsum
711 1132 876 1186 dignum
905 1133 1059 1173 imitatu
1088 1133 1314 1186 exemplum
1345 1133 1537 1173 videatur.
1580 1132 1660 1173 Sed
1689 1134 1867 1187 quamvis
1888 1147 2024 1174 verum

282 1200 320 1237 id
351 1200 401 1238 sit
429 1203 547 1250 atque
576 1198 807 1248 verendum,
846 1211 896 1237 ne
934 1199 1007 1237 hoc
1036 1199 1116 1249 fiat,
1146 1203 1278 1237 tamen
1308 1200 1464 1238 veniam
1493 1199 1691 1251 quandam
1721 1199 1886 1238 Horatio
1915 1200 2021 1238 haud

280 1265 388 1304 inviti
418 1264 611 1315 dabimus,
643 1264 676 1303 si
706 1264 1022 1317 cogitaverimus,
1053 1278 1144 1304 eum
1173 1263 1319 1303 Italum
1345 1264 1478 1316 fuisse,
1509 1265 1576 1318 qui
1613 1270 1657 1305 ut
1691 1265 1783 1304 solis
1810 1269 1922 1305 aestu
1954 1279 2018 1305 ve-

280 1330 512 1380 hementius,
545 1343 665 1383 quam
693 1344 778 1382 nos,
809 1330 969 1370 califieri
998 1330 1110 1380 solet,
1140 1330 1196 1369 ita
1225 1329 1354 1370 animo
1385 1343 1540 1383 quoque
1571 1330 1621 1369 ad
1650 1343 1712 1370 res
1747 1330 1941 1370 suavitate
1970 1331 2020 1369 ir-

277 1396 440 1434 ritantes
473 1395 627 1434 facilius
656 1396 857 1434 incalescit
894 1408 1023 1447 neque
1063 1395 1191 1433 scelus
1231 1396 1477 1444 com-mittere
1516 1396 1589 1434 sibi
1628 1396 1794 1446 videtur,
1826 1397 1870 1445 si,
1901 1409 2023 1448 quum

279 1466 385 1502 certo
416 1461 587 1514 quodam
618 1467 658 1501 et
686 1461 884 1502 declarato
918 1461 1084 1513 alicujus
1121 1473 1254 1501 amore
1294 1461 1462 1513 ducitur,
1502 1462 1662 1503 alterius
1702 1462 1817 1501 simul
1853 1462 2023 1514 gratiam

278 1527 320 1564 in
350 1538 466 1564 suum
494 1538 613 1564 usum
644 1527 845 1565 convertit.
899 1526 997 1576 Imo,
1026 1526 1058 1562 si
1087 1538 1240 1565 amores
1268 1531 1408 1578 poetae
1430 1527 1657 1579 diligentius
1682 1527 2020 1579 perlustrabimus,

277 1593 446 1631 multum
476 1592 615 1631 abesse
644 1594 902 1644 reperiemus,
932 1598 975 1631 ut
1004 1597 1136 1631 tantae
1165 1592 1449 1632 inconstantiae
1489 1593 1739 1644 levitatisque
1782 1593 2021 1632 incusandus

276 1657 338 1708 sit,
378 1660 567 1710 quantam
595 1657 738 1710 probro
769 1658 805 1696 ei
833 1657 962 1697 facere
1001 1657 1092 1697 boni
1122 1656 1193 1696 viri
1226 1657 1311 1709 jam
1350 1657 1525 1697 nonnulli
1564 1657 1738 1697 animum
1767 1657 2018 1697 induxerunt.

277 1722 462 1760 Celebrat
481 1723 598 1771 enim,
619 1723 723 1773 quod
743 1736 821 1760 non
841 1723 988 1771 dubito,
1010 1723 1082 1760 sub
1101 1723 1266 1761 diversis
1295 1723 1516 1760 nominibus
1537 1736 1656 1773 saepe
1686 1736 1804 1761 unam
1835 1723 2018 1761 eandem-

279 1800 357 1839 que
376 1787 594 1827 mulierem.
614 1787 647 1839 ²)
682 1786 749 1828 An
775 1787 885 1828 nobis
911 1787 1070 1827 credere
1100 1801 1178 1828 non
1203 1788 1331 1839 liceat,
1362 1801 1453 1828 eum
1482 1787 1716 1828 amotorium
1746 1788 1858 1841 quasi
1887 1801 2021 1828 casum

278 1852 476 1891 interdum
506 1852 708 1891 effinxisse
738 1853 946 1905 animoque
977 1853 1253 1905 excogitasse?
1312 1852 1427 1897 Quod
1464 1853 1610 1891 nostris
1649 1853 1777 1905 poetis
1815 1853 2022 1891 tribuimus

277 1932 407 1971 neque
437 1919 647 1971 quisquam
675 1920 714 1958 in
744 1920 889 1958 malam
919 1925 1072 1972 partem
1102 1920 1256 1972 accipit,
1287 1919 1327 1958 id
1355 1933 1485 1959 nonne
1506 1919 1672 1959 Horatio
1702 1933 1856 1972 quoque
1884 1928 2020 1959 conoe-

277 1984 423 2024 damus
453 1989 493 2025 et
522 1985 607 2025 sine
637 1985 804 2038 suspicio
834 1985 1078 2025 habeamus?
1109 1985 1157 2024 In
1186 1999 1232 2025 eo
1262 1985 1433 2039 quidem,
1464 1989 1508 2025 ut
1537 1984 1734 2025 Weberus
1764 1985 1900 2038 inquit,
1932 1999 2020 2025 nos—

278 2055 338 2089 ter
377 2051 601 2090 laudandus
641 2056 720 2101 est,
760 2052 864 2103 quod
903 2065 978 2090 non
1019 2065 1155 2090 servae
1195 2057 1235 2090 et
1264 2065 1492 2089 communes
1523 2052 1749 2091 meretrices
1778 2056 1888 2101 sunt,
1927 2066 2022 2103 quas

277 2130 411 2157 amore
440 2130 511 2157 suo
541 2117 791 2170 amplectitur
821 2117 1137 2170 carminibusque
1158 2116 1343 2168 celebrat,
1374 2116 1444 2157 sed
1463 2116 1653 2157 honestae
1678 2116 1897 2169 libertinae,
1928 2130 2022 2171 qua-

277 2196 365 2221 rum
394 2183 638 2222 consuetudo
667 2184 730 2222 vel
759 2184 886 2222 minus
917 2183 1194 2222 verecundiam
1224 2188 1399 2222 nostram
1428 2183 1612 2222 offendat.
1651 2184 1713 2222 Ne
1736 2197 1828 2222 aera
1852 2183 2024 2234 quidem,

281 2249 343 2289 cui
373 2250 511 2303 quinta
539 2249 694 2289 decima
724 2250 870 2303 epodos
900 2249 1082 2290 dedicata
1111 2254 1182 2300 est,
1213 2249 1429 2289 meretricis
1460 2249 1632 2302 speciem
1661 2263 1756 2303 prae
1787 2262 1829 2289 se
1857 2248 1933 2289 fert
1958 2263 2026 2289 ne-

281 2329 357 2369 que
387 2315 638 2366 contendam,
673 2329 760 2355 eam
789 2317 968 2355 venalem
999 2329 1077 2355 non
1105 2316 1248 2367 fuisse3
1289 2315 1359 2354 sed
1398 2315 1436 2354 in
1466 2315 1532 2354 illo
1561 2316 1646 2369 ipso
1685 2316 1878 2367 carmine,
1920 2316 2026 2368 quod

281 2383 383 2422 inter
412 2382 682 2436 pulcherrima
710 2388 849 2435 poetae
880 2396 1089 2423 numerare
1118 2396 1196 2422 non
1225 2382 1415 2433 dubitem,
1445 2382 1528 2421 veri
1558 2383 1701 2422 amoris
1731 2383 1827 2422 laesi
1848 2382 2024 2422 dolorem

282 2450 350 2489 vix
377 2449 561 2502 ignorare
581 2462 803 2502 possumus,
835 2455 874 2490 et
902 2450 1080 2503 perfidia,
1112 2462 1212 2504 quae
1241 2449 1454 2501 incusatur,
1484 2453 1529 2489 ut
1556 2449 1597 2488 in
1617 2450 1701 2489 aliis
1721 2454 1862 2503 poetae
1884 2450 2024 2489 amori-

283 2515 368 2565 bus,
398 2516 453 2553 sic
482 2515 524 2553 in
552 2515 626 2553 hoc
655 2515 785 2567 potius
814 2521 968 2556 amatae
999 2531 1118 2569 quam
1147 2517 1270 2569 ipsius
1300 2529 1387 2554 esse
1416 2516 1584 2554 videtur.

391 2581 604 2633 'Utcunque
635 2594 676 2620 se
696 2594 758 2620 res
778 2582 908 2633 habet,
939 2583 1082 2624 nimiae
1102 2581 1386 2623 inconstantiae
1410 2581 1621 2621 Horatium
1641 2594 1719 2621 non
1739 2581 1977 2632 insimulem,
1991 2580 2024 2633 ⁵)

283 2651 323 2685 et
352 2647 384 2684 si
413 2647 480 2699 qui
510 2647 601 2693 sint,
633 2647 699 2700 qui
730 2648 814 2700 ejus
844 2649 1026 2702 exemplo
1053 2649 1104 2688 ad
1134 2649 1337 2687 levitatem
1365 2648 1631 2700 impellantur,
1662 2647 1726 2687 alii
1757 2647 2022 2697 inveniantur,

328 2776 355 2814 ⁴)
383 2778 556 2807 Buttmann
586 2776 726 2817 Mythol.
757 2777 777 2809 Ι.
800 2776 863 2809 304
889 2780 918 2808 ll‘.

329 2831 356 2865 ⁶)
380 2837 568 2871 argumenta
599 2831 699 2861 habes
723 2831 785 2863 Od.
812 2832 832 2862 l.
862 2833 921 2869 133
954 2832 986 2863 ΙΙ.
1015 2832 1062 2870 12,
1084 2833 1121 2863 15
1152 2833 1229 2863 alia.
