2387 3250
560 992 649 1061 De
696 993 917 1073 ethica
946 994 1010 1063 vi
1055 1015 1127 1062 ac
1171 999 1400 1062 natura
1444 1010 1695 1077 operum

818 1099 879 1175 Q.
929 1100 1178 1171 Horatii
1222 1098 1435 1169 Flacci.

1007 1265 1253 1275 mvxsvxwx-

371 1367 504 1448 ouum
541 1412 684 1438 munus
720 1399 816 1438 mihi
853 1400 926 1439 hoc
955 1414 1055 1441 anno
1094 1403 1300 1454 obtigisset
1338 1416 1464 1454 pauca
1503 1401 1779 1453 conscribendi,
1809 1415 1907 1454 quae
1938 1400 1988 1441 ad

263 1468 418 1507 scholae
436 1470 591 1507 nostrae
613 1465 912 1505 commentarios
930 1466 1251 1520 adjungerentur,
1275 1480 1405 1520 neque
1425 1468 1510 1507 fieri
1529 1468 1629 1506 bene
1653 1471 1796 1524 posset,
1824 1471 1868 1506 ut
1889 1467 1984 1505 nihil

262 1533 486 1583 scriberem,
517 1532 693 1584 quamvis
732 1536 847 1581 esset,
878 1545 946 1571 cur
984 1547 1125 1573 vacare
1163 1533 1402 1585 aliquamdiu
1439 1534 1570 1586 paullo
1609 1534 1733 1585 magis
1771 1533 1986 1572 litterarum

265 1598 404 1637 studiis
444 1601 632 1650 optarem,
671 1609 721 1633 ex
759 1596 805 1633 iis
844 1598 1104 1649 potissimum,
1148 1598 1196 1636 de
1235 1612 1311 1649 quo
1351 1598 1593 1647 dissererem,
1632 1597 1861 1637 sumendum
1897 1598 1989 1635 mihi

264 1663 373 1715 duxi,
404 1663 544 1716 quibus
574 1675 675 1702 anno
704 1663 915 1715 praeterito
944 1663 984 1702 in
1012 1677 1141 1708 meam
1175 1663 1298 1716 ipsius
1326 1663 1607 1704 institutionem
1635 1662 1858 1716 diligentius
1886 1662 1990 1701 incu-

268 1729 451 1769 buissem.
510 1729 683 1782 Operam
703 1742 795 1768 vero
825 1729 915 1767 dedi
944 1729 1135 1782 imprimis
1154 1729 1310 1768 Horatii
1340 1730 1589 1781 carminibus,
1614 1743 1729 1782 quem
1758 1729 1880 1767 solum
1909 1728 1989 1767 fere

262 1795 473 1848 lyricorum
493 1795 573 1848 legi
590 1794 753 1847 dignum
773 1799 887 1848 putat
902 1794 1177 1847 Quintilianus,
1198 1800 1316 1849 atque
1334 1809 1380 1835 ea
1399 1796 1447 1835 de
1470 1809 1587 1835 causa
1607 1796 1653 1835 iis
1668 1795 1799 1834 denuo
1819 1794 1989 1833 studium

229 1904 233 1908 ,
261 1862 415 1912 navavi,
444 1866 489 1901 ut
516 1861 678 1901 tandem
705 1861 849 1901 rectius
873 1861 1055 1913 judicare
1078 1876 1236 1915 possem
1264 1862 1313 1903 de
1343 1863 1537 1904 sententia
1561 1875 1705 1914 eorum,
1727 1861 1802 1915 qui,
1824 1864 1867 1900 ut
1895 1860 1988 1900 ami-

262 1940 330 1967 cus
350 1940 471 1967 «meus
499 1926 658 1980 probus,
687 1926 917 1967 confirmare
954 1940 1031 1968 non
1071 1928 1347 1980 dubitaverint,
1387 1929 1515 1968 inesse
1552 1929 1592 1967 in
1620 1928 1772 1967 Horatii
1809 1927 1988 1979 operibus

261 1992 421 2032 minime
450 2005 636 2044 magnam
664 1993 772 2031 illam
801 1993 969 2032 ethicam
997 1994 1077 2033 vim
1106 1994 1156 2033 ad
1184 2008 1397 2046 puerorum
1425 1996 1574 2033 animos
1602 1995 1700 2033 bene
1720 1992 1987 2043 instituendos,

261 2073 380 2112 quam
422 2058 526 2099 docti
563 2059 633 2099 viri
673 2059 789 2099 toties
827 2059 941 2100 nimis
979 2060 1119 2101 leviter
1157 2060 1450 2101 contendissent
1487 2064 1526 2100 et
1555 2059 1679 2100 denuo
1708 2058 1870 2098 fortasse
1899 2070 1988 2097 con-

261 2124 452 2165 firmaturi
481 2129 623 2165 essent.
681 2125 766 2171 Quo
805 2126 933 2165 studio
972 2130 1185 2179 occupatus
1224 2141 1344 2180 quum
1381 2127 1466 2166 fieri
1494 2140 1570 2165 non
1599 2130 1729 2178 posset
1766 2125 1856 2177 quin
1894 2125 1989 2163 alio-

261 2203 348 2230 rum
377 2191 427 2230 de
456 2204 504 2231 ea
530 2204 574 2230 re
603 2192 749 2245 scripta
776 2192 991 2244 prudenter
1017 2192 1269 2245 respicerem,
1290 2206 1391 2246 quae
1411 2192 1611 2245 probanda
1633 2191 1725 2229 mihi
1746 2190 1988 2240 videbantur,

260 2256 397 2308 paucis
423 2262 611 2297 annotare
639 2271 716 2297 non
745 2258 936 2297 intermisi
965 2262 1083 2311 atque
1111 2258 1185 2298 hoc
1213 2259 1299 2298 loco
1320 2272 1408 2298 cum
1436 2259 1533 2297 meis
1562 2257 1681 2310 ipsius
1702 2256 1749 2295 de
1772 2269 1818 2295 ea
1838 2268 1880 2294 re
1900 2268 1987 2294 sen-

260 2321 394 2362 tentiis
422 2322 546 2363 fusius
576 2323 774 2375 explicare
803 2323 978 2363 animum
1006 2323 1155 2364 induxi.

368 2387 502 2440 Atque
536 2389 706 2440 primum
736 2389 895 2441 quidem
923 2402 1051 2442 pauca
1078 2389 1323 2441 proferamus
1353 2389 1401 2428 de
1430 2389 1630 2428 notissima
1658 2388 1725 2426 illa
1753 2386 1872 2426 satira
1899 2386 1988 2425 libri

259 2452 377 2507 primi
405 2453 590 2507 secunda,
628 2468 706 2508 qua
742 2454 953 2509 improbos,
991 2454 1085 2495 dum
1114 2454 1210 2495 vitia
1246 2454 1440 2508 quaedam
1479 2453 1683 2503 declinent,
1721 2452 1760 2490 in
1797 2451 1989 2490 contraria

260 2519 433 2559 incidere
461 2525 579 2573 poeta
617 2521 886 2560 demonstrare
925 2522 1067 2560 studet.
1123 2520 1272 2559 Verum
1313 2526 1385 2572 est,
1423 2521 1525 2573 quod
1553 2519 1811 2559 Doederlinus
1839 2518 1879 2556 in
1908 2517 1989 2556 edi-

260 2585 367 2625 tione
397 2600 469 2626 sua
496 2586 653 2627 Horatii
681 2587 888 2627 satirarum
918 2587 1040 2641 probe
1070 2585 1297 2639 annotat1),
1326 2586 1468 2626 factam
1497 2598 1582 2625 esse
1609 2584 1727 2634 illam,
1757 2597 1833 2622 non
1863 2582 1989 2622 solum

259 2663 337 2703 qua
377 2664 465 2691 cum
504 2653 750 2705 aegritudine
789 2653 960 2705 quadam
998 2658 1039 2692 et
1076 2653 1289 2692 offensione
1327 2665 1455 2691 mores
1491 2652 1769 2699 Romanorum,
1809 2650 1876 2701 qui
1904 2653 1989 2688 tum

306 2778 336 2821 ¹)
363 2790 394 2821 p,
420 2782 491 2814 145.
