2387 3250
1131 171 1162 213 V

1028 240 1201 251 &xz-»MJK
1213 241 1232 249 *x
1243 241 1262 249 »x

651 314 741 355 Hoc
767 314 875 355 fonte
905 313 1082 354 derivata
1109 313 1241 354 clades

651 380 699 418 In
726 379 896 432 patriam
923 379 1193 431 populumque
1221 380 1347 419 fluxit.

710 444 843 484 Motus
872 444 1004 483 doceri
1032 444 1180 496 gaudet
1207 445 1367 484 Jonicos

650 509 809 548 Matura
836 508 961 561 virgo,
989 512 1029 548 et
1055 508 1217 560 fingitur
1245 509 1393 548 artibus

644 574 670 614 J
672 587 737 613 am
765 586 869 613 nunc
898 577 938 614 et
966 574 1138 613 incestos
1166 587 1319 614 amores

648 639 712 678 De
740 643 877 678 tenero
905 638 1121 678 meditatur
1147 639 1284 692 ungui.

708 703 804 743 Mox
827 703 1005 757 juniores
1035 705 1188 758 quaerit
1217 705 1415 745 adulteros
1443 731 1492 735 —
1523 732 1571 736 —
1604 733 1652 737 —

280 810 321 845 et
354 817 456 857 quae
485 806 704 855 sequuntur
732 802 808 842 Od.
834 799 900 841 ΙΙΙ
930 804 966 853 6,
998 804 1061 842 27.
1119 802 1229 848 Quae
1269 816 1389 855 quum
1421 804 1475 843 ita
1513 805 1600 855 sint,
1628 806 1757 844 nescio
1784 819 1833 845 an
1862 809 2005 858 poetae

281 882 359 910 non
386 868 502 908 nimis
530 867 778 907 irascendum
807 868 869 919 sit,
899 867 1004 920 quod
1036 880 1137 920 quae
1166 868 1205 906 in
1233 868 1314 907 vita
1342 872 1618 921 appeterentur
1646 874 1762 923 atque
1789 871 2002 924 probaren-

278 939 354 986 tur,
384 933 503 974 etiam
539 932 580 972 in
617 932 757 973 litteris
796 932 871 972 sibi
907 932 1092 985 persequi
1123 932 1241 972 licere
1279 932 1525 973 existimavit.
1580 934 1669 974 Alia
1704 936 1815 987 ratio,
1849 935 2005 989 pulchri

280 999 379 1049 dico,
408 1001 541 1037 utrum
568 1009 632 1035 res
661 1001 797 1049 turpes
825 1010 999 1049 unquam
1028 1010 1146 1036 verae
1173 999 1303 1050 poesis
1339 1002 1407 1037 aut
1434 1011 1519 1037 esse
1548 1000 1696 1050 possint
1724 1005 1791 1039 aut
1819 1001 2004 1057 debeant,

281 1077 328 1103 ea
357 1064 534 1115 quaestio
552 1062 764 1101 Horatium
792 1062 959 1102 fortasse
982 1063 1166 1115 impediri
1194 1064 1332 1116 potuit,
1356 1064 1562 1115 quominus
1578 1064 1697 1103 'illam
1723 1065 1881 1104 satiram
1910 1066 2005 1104 scri-

279 1128 402 1168 beret.
458 1126 538 1166 Sed
567 1127 727 1166 satiram
754 1140 805 1166 ne
832 1127 1018 1166 habuisse
1056 1127 1215 1181 quidem
1242 1140 1314 1180 pro
1347 1132 1528 1180 poemate
1557 1128 1717 1179 videtur,
1747 1129 1850 1181 quod
1878 1130 2003 1182 inqui-

278 1206 365 1232 rere
395 1193 468 1231 hoc
498 1193 583 1231 loco
611 1197 788 1232 nostrum
817 1206 896 1232 non
925 1197 996 1244 est,
1026 1206 1154 1246 neque
1183 1194 1310 1245 facile,
1337 1207 1380 1232 re
1409 1207 1486 1233 non
1511 1198 1657 1246 aperta,
1685 1194 1920 1233 confirmare.

386 1267 575 1307 Animum
604 1267 853 1308 advertamus
881 1269 1011 1321 potius
1039 1268 1279 1322 aliquamdiu
1314 1269 1365 1307 ad
1398 1269 1648 1321 praecipuam
1684 1270 1893 1322 voluptatis
1922 1283 2005 1309 ma-

279 1334 430 1385 teriam,
460 1347 646 1385 amorem,
677 1334 743 1387 qui
772 1338 843 1386 est,
872 1338 916 1374 ut
942 1334 1157 1387 videamus,
1186 1335 1311 1389 qualis
1346 1335 1385 1374 in
1415 1335 1552 1375 ceteris
1577 1335 1730 1375 Horatii
1767 1336 2001 1375 carminibus

277 1399 503 1452 legentibus
532 1403 733 1453 appareat.

388 1486 498 1527 Inter
535 1487 630 1527 odas
669 1491 709 1527 et
744 1487 911 1540 epodos,
952 1500 1052 1540 quae
1081 1491 1282 1539 vocantur,
1319 1501 1398 1527 non
1425 1501 1574 1540 paucae
1602 1488 1867 1541 reperiuntur,
1905 1500 2004 1540 quae

278 1553 420 1592 amoris
448 1553 605 1593 stimulo
644 1553 837 1605 originem
865 1553 1037 1593 debeant
1065 1553 1106 1593 in
1135 1554 1299 1605 ejusque
1327 1553 1515 1593 honorem
1546 1554 1780 1606 compositae
1807 1557 1907 1593 sunt.
1957 1552 2004 1592 In

278 1618 420 1671 quibus
458 1617 683 1670 judicandis
721 1630 769 1657 eo
806 1618 936 1658 minus
974 1618 1085 1658 nobis
1124 1618 1300 1671 singulas
1337 1631 1541 1658 recensere
1584 1633 1680 1672 opus
1717 1632 1802 1658 esse
1837 1618 2005 1670 videtur,

277 1697 399 1736 quum
427 1685 467 1722 in
497 1684 558 1722 his
586 1685 718 1736 lyricis
748 1684 999 1735 carminibus,
1027 1688 1072 1723 ut
1099 1685 1188 1736 plus
1217 1685 1395 1736 poeticae
1422 1684 1573 1735 indolis,
1602 1686 1655 1724 ita
1681 1684 1937 1724 verecundiae
1966 1688 2006 1722 et

279 1749 536 1788 humanitatis
567 1750 656 1801 plus
683 1750 812 1789 inesse
837 1750 928 1801 jure
958 1749 1154 1788 confidere
1182 1750 1406 1788 debeamus.
1465 1750 1517 1788 Et
1544 1763 1585 1788 re
1614 1763 1716 1799 vera,
1741 1750 1831 1788 licet
1850 1753 2003 1787 amatae

279 1814 444 1867 alicujus
488 1814 693 1868 perfidiam
736 1816 942 1869 increpans
980 1819 1048 1856 aut
1082 1814 1200 1855 fidam
1238 1828 1423 1867 monens,
1466 1828 1515 1855 ne
1552 1815 1720 1855 virorum
1760 1813 2005 1868 cupidinibus

277 1880 471 1931 trahatur,
501 1885 571 1920 aut
598 1894 686 1921 sese
714 1882 931 1932 consolans,
961 1881 1065 1934 quod
1093 1894 1267 1921 amorem
1296 1882 1460 1934 alicujus
1484 1882 1706 1934 perdiderit,
1727 1885 1795 1920 aut
1813 1880 2005 1919 lenocinia

275 1945 588 1999 pulchritudinis,
618 1947 831 2000 voluptatis
858 1946 1128 1987 blandimenta
1157 1947 1381 1988 describens
1401 1961 1584 2001 magnam
1609 1946 1847 1986 occasionem
1866 1949 2004 1985 nactus

275 2014 325 2053 sit
365 2014 416 2053 ad
452 2014 763 2067 indignationem
804 2028 917 2054 suam
944 2013 1105 2055 vocibus
1136 2013 1339 2054 obscoenis
1382 2015 1613 2066 lascivisque
1642 2012 1935 2066 exprimendam
1965 2015 2005 2051 et

274 2079 315 2119 id
343 2079 563 2131 dice-ndum,
594 2080 699 2132 quod
737 2080 958 2133 legentium
993 2080 1144 2119 animos
1174 2080 1340 2119 sordidis
1377 2080 1610 2132 imaginibus
1639 2079 1807 2131 expleat,
1835 2078 2003 2117 multum

274 2145 408 2197 abest,
445 2149 489 2184 ut
527 2149 607 2184 tam
642 2146 838 2185 obscoena
880 2150 1040 2198 tamque
1078 2145 1303 2197 respuenda
1339 2146 1460 2185 verba
1497 2149 1536 2184 et
1572 2144 1782 2183 sententias
1819 2143 2003 2195 proferat,

274 2225 393 2263 quam
433 2224 534 2263 quae
567 2211 607 2250 in
644 2212 764 2252 satira
799 2212 868 2251 illa
904 2225 1026 2264 supra
1063 2212 1264 2265 disputata
1301 2211 1495 2252 horrenda
1523 2223 1607 2250 esse
1636 2209 1816 2260 diximus,
1845 2213 1885 2248 et
1913 2209 2005 2248 licet

277 2276 496 2316 confirmari
523 2289 601 2315 non
630 2277 764 2330 possit,
794 2278 833 2316 in
861 2278 947 2329 ejus
977 2277 1212 2317 carminibus
1239 2278 1395 2317 omnino
1433 2276 1557 2316 nullos
1592 2276 1695 2313 locos
1732 2274 1908 2323 inveniri,
1938 2274 2005 2326 qui

275 2356 396 2395 quum
432 2355 565 2381 rerum
594 2344 836 2396 turpitudine
875 2349 960 2383 tum
996 2342 1262 2383 obscoenitate
1301 2343 1507 2383 verborum
1545 2340 1761 2390 offendant,
1801 2344 1869 2378 aut
1905 2339 2004 2379 tales

274 2412 439 2459 tantum,
469 2408 604 2460 quales
635 2408 826 2461 optimum
857 2421 1054 2462 quemque
1081 2413 1121 2448 et
1150 2409 1346 2448 sincerum
1374 2408 1556 2457 animum,
1586 2405 1722 2445 rudem
1757 2417 1849 2444 vero
1886 2409 2005 2457 atque

273 2474 473 2526 integrum
501 2487 578 2513 non
607 2473 818 2525 offendant,
848 2478 983 2514 tamen
1009 2487 1146 2514 omnes
1174 2475 1207 2513 si
1236 2473 1553 2527 comprehendas,
1583 2470 1688 2510 haud
1715 2470 1829 2509 multi
1856 2473 1959 2521 sunt,
1970 2469 2005 2520 3)

274 2543 314 2578 et
342 2539 544 2592 ambages,
575 2552 672 2592 quas
701 2543 855 2591 vocant,
885 2539 1027 2592 quibus
1055 2539 1168 2593 probi
1196 2540 1246 2579 de
1274 2551 1484 2593 puerorum
1512 2537 1636 2576 salute
1666 2534 1876 2574 admodum
1898 2534 2003 2573 solli-

273 2604 339 2642 citi
366 2604 524 2643 Horatii
552 2605 788 2657 interpretes
817 2609 993 2656 utuntur,
1033 2619 1154 2656 quum
1191 2606 1363 2644 carmina
1400 2605 1483 2655 ejus
1522 2605 1796 2650 transvertunt,
1840 2600 2006 2639 fortasse

315 2731 343 2773 ³)
368 2733 435 2763 sat.
462 2733 485 2762 ι.
509 2734 547 2764 13
573 2738 605 2761 et
632 2735 682 2764 12.
730 2733 791 2762 Od.
817 2733 850 2762 11.
878 2735 925 2772 11,
949 2734 1008 2771 21,-
1034 2732 1084 2771 12,
1108 2733 1150 2765 25
1176 2750 1214 2754 —
1242 2733 1289 2764 ιιι,
1317 2735 1364 2766 11,
1388 2732 1439 2762 49.
