2387 3250
1194 238 1222 282 X

1077 310 1142 318 „sm
1168 311 1221 319 „v
1258 310 1321 319 »κ’-

329 381 503 420 feramus
532 394 672 421 aurum
703 386 742 421 et
771 387 1000 435 argentum,
1040 382 1072 420 si
1100 381 1292 421 scelerum
1325 385 1423 421 bene
1451 382 1646 434 poenitet,
1685 383 1725 422 in
1756 396 1865 424 mare
1894 396 2072 436 gemmas

329 451 370 484 et
398 446 565 497 lapides,
594 447 840 486 irritamenta
867 447 1080 485 malorum!
1129 446 1232 484 Nam
1272 445 1366 497 quid
1404 447 1515 496 leges
1554 452 1730 498 prosunt,
1771 449 1803 486 si
1838 449 2005 488 avaritia
2033 454 2073 489 et

328 510 555 563 pauperies,
594 510 692 550 illud
729 522 918 563 magnum
955 509 1228 563 opprobrium,
1268 508 1422 562 quidvis
1461 509 1592 549 facere
1632 523 1677 550 ac
1717 512 1799 564 pati
1837 512 2073 565 virtutisque

331 576 496 615 arduam
528 577 631 615 viam
663 576 844 614 deserere
868 575 1040 626 jubent?
1075 574 1166 624 (ΙΙΙ.
1190 575 1273 624 24).
1322 574 1478 619 Quanto
1510 575 1624 626 plura
1653 576 1727 615 sibi
1756 578 1923 629 quisque
1952 591 2072 630 nega-

330 640 445 693 verit,
476 654 523 681 eo
549 641 664 695 plura
692 654 715 680 a
740 640 814 680 diis
840 640 940 679 feret
961 639 1051 691 (III.
1076 640 1140 691 16)
1170 643 1211 679 et
1239 652 1340 692 quae
1368 639 1464 679 alias
1492 639 1746 681 inveniuntur
1768 641 1932 696 pulchre
1956 642 2072 684 dicta.

336 706 390 745 Et
413 696 498 758 jam
528 707 622 759 quid
652 706 836 745 videtur?
892 706 1032 744 Nonne
1061 705 1217 744 omnino
1247 705 1393 757 probae
1431 718 1502 744 eae
1531 710 1572 744 et
1598 706 1788 746 honestae
1826 704 2073 748 sententiae?

331 771 439 811 Num
469 772 565 824 quid
594 771 700 811 aliud
730 770 885 811 efficere
916 774 1090 823 possunt,
1118 782 1236 822 quam
1266 774 1310 810 ut
1337 770 1515 823 legentes
1537 770 1793 812 audientesve
1813 772 1863 812 ad
1887 773 2073 814 virtutem

332 837 508 876 excitent
555 837 794 889 propiusque
847 835 1074 873 adducant?
1138 834 1195 873 At
1233 847 1327 873 vero
1366 834 1464 873 haec
1505 835 1739 887 rejicienda:
1779 837 1932 875 omissis
1970 838 2073 876 curis

332 901 509 941 hilariter
537 914 623 940 esse
651 899 875 949 vivendum,
904 911 981 937 non
1010 897 1289 951 trepidandum
1316 899 1358 938 in
1386 911 1502 938 usum
1530 899 1630 951 aevi,
1667 898 1829 941 beatum
1855 900 1979 951 illum,
2009 901 2073 940 cui

335 966 452 1005 liceat
488 965 528 1004 in
566 964 669 1003 diem
712 963 871 1012 dixisse,
913 962 993 1001 vixi
1031 961 1101 1013 (II.
1131 963 1197 1014 11)
1238 966 1278 1002 et
1306 975 1409 1015 quae
1438 962 1580 1003 eodem
1608 963 1778 1004 redeunt
1806 963 1907 1004 aliae
1936 977 2073 1011 voces3

337 1029 467 1083 Carpe
497 1029 601 1068 diem
632 1027 683 1081 (J.
718 1026 797 1078 11.)
826 1026 1051 1079 similes.¹²)
1100 1026 1247 1068 Fateor
1266 1027 1459 1080 ejusmodi
1480 1027 1959 1083 exhortationes,'quibus
1983 1029 2073 1070 vino

335 1100 374 1134 et
404 1095 496 1133 ludo
525 1099 565 1133 et
593 1094 697 1132 dulci
726 1105 858 1131 amore
888 1105 1001 1131 curas
1032 1093 1287 1145 depellendas
1317 1105 1403 1132 esse
1432 1094 1517 1132 vult
1545 1098 1675 1146 poeta,
1705 1096 1860 1147 magnis
1889 1096 2074 1147 periculis

333 1173 409 1198 non
438 1171 589 1197 vacare.
639 1158 718 1195 Sed
747 1157 886 1195 leviter
914 1158 981 1195 illa
1011 1162 1179 1210 cantata,
1211 1171 1260 1196 ex
1291 1159 1433 1212 quibus
1456 1163 1633 1197 nostrum
1658 1159 1769 1210 illud,
1800 1173 1877 1213 quo
1898 1160 2073 1214 gaudere

332 1228 411 1265 vita
433 1227 632 1276 jubemur,
664 1225 836 1263 suaviter
864 1230 1034 1273 resonat,
1066 1238 1155 1263 cum
1185 1225 1231 1263 iis
1262 1225 1374 1264 dictis
1404 1225 1640 1264 conferenda
1672 1230 1783 1276 sunt,
1822 1227 1964 1277 quibus
1991 1240 2074 1265 mo·

331 1289 500 1340 derafio,
543 1288 780 1329 continentia
811 1291 851 1328 et
882 1288 1103 1328 observatio
1133 1300 1277 1328 aureae
1306 1288 1588 1329 mediocritatis
1622 1289 1768 1329 diserte
1797 1288 2074 1329 commendan-

330 1361 405 1405 tur,
426 1356 475 1405 13)
505 1361 544 1394 et
573 1356 604 1392 si
635 1355 944 1404 consideramus,
975 1355 1070 1405 quid
1094 1360 1248 1393 veteres
1279 1355 1424 1407 pagani
1450 1355 1500 1394 de
1520 1360 1645 1394 morte
1666 1356 1790 1407 iisque
1811 1356 1941 1406 rebus,
1972 1369 2073 1407 quae

329 1422 431 1461 ultra
460 1424 562 1471 sunt,
592 1425 674 1460 tam
703 1420 972 1461 miserandum
1001 1420 1041 1459 in
1070 1420 1231 1460 modum
1253 1420 1525 1472 cogitaverint,
1556 1421 1603 1460 iis
1623 1421 1958 1461 immortalitatem
1976 1421 2074 1461 nihil

329 1487 435 1526 aliud
464 1486 547 1526 fere
575 1498 694 1539 quam
723 1486 953 1526 memoriam
982 1490 1228 1540 posterorum
1257 1487 1381 1526 visam
1413 1499 1512 1538 esse,
1542 1487 1609 1526 illa
1633 1487 1853 1527 exhortatio
1882 1487 1932 1526 ad
1968 1487 2072 1527 bene

328 1554 583 1605 hilariterque
624 1554 839 1592 vivendum
877 1554 1009 1593 nescio
1045 1567 1093 1592 an
1131 1558 1200 1593 aut
1236 1554 1334 1593 nihil
1376 1553 1638 1606 vituperanda
1676 1558 1744 1593 aut
1781 1554 1885 1592 illius
1922 1554 2074 1593 ratione

328 1619 516 1672 temporis
556 1619 785 1659 excusanda
821 1620 882 1658 sit.
940 1619 1173 1669 Luxuriam,
1212 1619 1479 1658 heluationem
1520 1624 1561 1659 et
1600 1619 1721 1659 vitam
1760 1620 1919 1659 mollem
1957 1624 2076 1672 poeta

331 1697 457 1738 aeque
486 1685 684 1738 improbat
707 1684 762 1737 ¹4)
796 1689 915 1737 atque
945 1684 1030 1738 ipse
1059 1698 1262 1738 nunquam
1292 1689 1451 1725 secutus
1478 1689 1549 1725 est.
1592 1685 1807 1725 Hominem
1826 1684 1932 1738 frugi
1957 1698 2075 1738 quam

328 1751 490 1789 maximi
519 1751 652 1800 habet,
683 1754 724 1789 et
753 1751 786 1788 si
814 1750 1015 1789 interdum
1048 1750 1255 1790 occasione
1283 1751 1376 1790 data
1402 1751 1442 1789 in
1473 1751 1828 1802 compotationibus
1867 1755 1907 1790 et
1946 1751 2075 1790 convi-

329 1816 401 1855 viis
431 1816 648 1855 amicorum
676 1815 829 1855 monitu
849 1815 1001 1868 justam
1030 1815 1107 1854 cibi
1135 1815 1386 1868 potionisque
1414 1816 1576 1855 modum
1600 1815 1818 1855 excessisse
1837 1815 2003 1868 videtur,
2020 1815 2073 1867 ¹⁵)

333 1882 406 1920 hoc
438 1882 473 1919 ei
500 1881 595 1920 vitio
624 1880 745 1920 facias
775 1893 883 1931 cave,
914 1892 1037 1931 quum
1062 1881 1102 1919 id
1123 1881 1272 1933 optimo
1299 1881 1442 1933 cuique
1466 1881 1645 1920 accidere
1664 1881 1802 1933 possit,
1832 1881 2075 1921 Horatianae

331 1948 555 2000 ceteroquin
576 1946 871 1988 consuetudinis
890 1946 1022 1998 fuerit,
1043 1945 1314 1999 frugalitatem
1335 1947 1458 2000 sequi.
1498 1945 1656 1987 Laudat
1684 1949 1804 2000 atque
1827 1943 2075 1988 eomm'endat

332 2013 480 2053 laetum
508 2013 627 2067 hujus
656 2013 761 2053 vitae
790 2012 983 2053 bonorum
1012 2025 1140 2064 usum,
1171 2012 1382 2053 dummodo
1420 2013 1614 2066 sapientia
1643 2016 1805 2067 paretur
1842 2017 1882 2054 et
1920 2025 2075 2053 conser-

332 2080 511 2128 veturffi)
543 2085 582 2118 et
611 2080 734 2118 vitam
764 2080 923 2118 beatam
963 2083 1007 2117 ut
1035 2092 1105 2117 nos
1144 2079 1184 2117 in
1212 2080 1476 2118 conscientiae
1515 2080 1571 2117 sic
1610 2080 1696 2130 ipse
1734 2080 1772 2118 in
1810 2080 1931 2118 animi
1969 2084 2075 2118 tran-

334 2145 527 2199 quillitate
556 2144 678 2199 ponit.
697 2144 748 2198 ¹⁷)

440 2211 576 2249 Liceat
609 2211 683 2249 hoc
716 2212 802 2249 loco
832 2211 952 2249 etiam
990 2223 1117 2263 pauca
1146 2210 1195 2248 de
1220 2210 1269 2248 iis
1298 2211 1417 2249 rebus
1442 2211 1631 2263 proferre,
1662 2223 1760 2262 quas
1789 2215 1879 2264 post
1906 2215 2073 2250 mortem

334 2277 480 2316 homini
509 2281 717 2316 eventuras
747 2291 834 2316 esse
864 2282 983 2329 poeta
1012 2277 1142 2317 animo
1172 2277 1245 2315 sibi
1276 2277 1400 2317 finxit.
1447 2277 1626 2330 Ignorari
1657 2291 1735 2317 non
1760 2281 1903 2330 potest,
1934 2277 1966 2316 si
1992 2291 2073 2319 om-

335 2350 403 2379 nes
441 2343 556 2391 locos,
586 2343 637 2392 ¹⁸)
676 2342 744 2393 qui
777 2342 827 2380 de
855 2346 982 2381 morte
1017 2342 1126 2380 velut
1160 2346 1361 2394 postrema
1389 2347 1494 2381 sorte
1524 2343 1696 2381 omnium
1727 2347 1863 2394 agunt,
1893 2346 2074 2382 accurate

382 2444 424 2484 ¹²)
457 2446 476 2474 Ι.
503 2447 542 2483 93
569 2447 619 2477 lV.
651 2447 698 2479 12.
722 2450 786 2478 etc.

383 2503 419 2545 ¹³)
452 2505 473 2536 Ι.
501 2504 638 2544 18:197,
669 2506 703 2539 ΙΙ.
726 2507 764 2545 33
794 2505 851 2543 10,
878 2505 898 2537 Ι.
923 2504 980 2543 31ς
1007 2505 1054 2535 ΙΙΙ.
1086 2506 1141 2543 18;
1169 2504 1296 2543 m.16;
1326 2505 1375 2537 17.

384 2563 425 2605 ¹⁴)
456 2568 515 2596 sat.
542 2564 575 2597 ΙΙ.
599 2566 685 2595 cous.
711 2565 773 2601 Od,
799 2566 818 2597 l.
840 2565 890 2597 38.

382 2622 422 2664 ¹⁶)
458 2623 477 2655 Ι.
501 2624 538 2661 33
565 2622 681 2662 24311.
709 2625 822 2663 7317.

382 2682 423 2723 ω)
457 2683 478 2712 ιι
519 2682 577 2720 163
601 2683 655 2716 ιν.
680 2684 700 2718 9

380 2740 423 2782 ¹⁷)
458 2741 490 2771 ιι.
521 2743 577 2780 16;
605 2742 652 2773 ιιι.
684 2744 712 2775 1.

380 2796 419 2836 ιο)
450 2799 474 2826 ι.
499 2796 537 2835 43
563 2794 619 2835 24,
644 2797 703 2836 283
734 2798 767 2829 ιι.
792 2800 826 2835 3,
854 2800 907 2836 103
935 2796 993 2838 143
1020 2798 1076 2837 183
1104 2799 1151 2830 ιιι.
1174 2797 1211 2835 8,
1238 2799 1291 2828 ιν.
1318 2797 1338 2831 7
1364 2803 1425 2829 etc.
